%YAML 1.1
%TAG !u! tag:unity3d.com,2011:
--- !u!1001 &100100000
Prefab:
  m_ObjectHideFlags: 1
  serializedVersion: 2
  m_Modification:
    m_TransformParent: {fileID: 0}
    m_Modifications: []
    m_RemovedComponents: []
  m_SourcePrefab: {fileID: 0}
  m_RootGameObject: {fileID: 1984244838316904}
  m_IsPrefabAsset: 1
--- !u!1 &1984244838316904
GameObject:
  m_ObjectHideFlags: 0
  m_CorrespondingSourceObject: {fileID: 0}
  m_PrefabInternal: {fileID: 100100000}
  serializedVersion: 6
  m_Component:
  - component: {fileID: 4626191405069784}
  - component: {fileID: 33107608733844926}
  - component: {fileID: 114229477521421940}
  - component: {fileID: 23248202002596406}
  - component: {fileID: 114640372698815054}
  - component: {fileID: 64155279914025542}
  m_Layer: 0
  m_Name: Lock
  m_TagString: Untagged
  m_Icon: {fileID: 0}
  m_NavMeshLayer: 0
  m_StaticEditorFlags: 65
  m_IsActive: 1
--- !u!4 &4626191405069784
Transform:
  m_ObjectHideFlags: 1
  m_CorrespondingSourceObject: {fileID: 0}
  m_PrefabInternal: {fileID: 100100000}
  m_GameObject: {fileID: 1984244838316904}
  m_LocalRotation: {x: 0, y: 0, z: 1, w: 0}
  m_LocalPosition: {x: -0.0070438385, y: 4.4108768, z: 6}
  m_LocalScale: {x: 1, y: 1, z: 1}
  m_Children: []
  m_Father: {fileID: 0}
  m_RootOrder: 0
  m_LocalEulerAnglesHint: {x: 0, y: 0, z: 180}
--- !u!23 &23248202002596406
MeshRenderer:
  m_ObjectHideFlags: 1
  m_CorrespondingSourceObject: {fileID: 0}
  m_PrefabInternal: {fileID: 100100000}
  m_GameObject: {fileID: 1984244838316904}
  m_Enabled: 1
  m_CastShadows: 2
  m_ReceiveShadows: 1
  m_DynamicOccludee: 1
  m_MotionVectors: 1
  m_LightProbeUsage: 1
  m_ReflectionProbeUsage: 1
  m_RenderingLayerMask: 4294967295
  m_Materials:
  - {fileID: 2100000, guid: e6859807ea7dd6a4fb727b488a8dc474, type: 2}
  m_StaticBatchInfo:
    firstSubMesh: 0
    subMeshCount: 0
  m_StaticBatchRoot: {fileID: 0}
  m_ProbeAnchor: {fileID: 0}
  m_LightProbeVolumeOverride: {fileID: 0}
  m_ScaleInLightmap: 1
  m_PreserveUVs: 0
  m_IgnoreNormalsForChartDetection: 0
  m_ImportantGI: 0
  m_StitchLightmapSeams: 0
  m_SelectedEditorRenderState: 0
  m_MinimumChartSize: 4
  m_AutoUVMaxDistance: 0.5
  m_AutoUVMaxAngle: 89
  m_LightmapParameters: {fileID: 0}
  m_SortingLayerID: 0
  m_SortingLayer: 0
  m_SortingOrder: 0
--- !u!33 &33107608733844926
MeshFilter:
  m_ObjectHideFlags: 1
  m_CorrespondingSourceObject: {fileID: 0}
  m_PrefabInternal: {fileID: 100100000}
  m_GameObject: {fileID: 1984244838316904}
  m_Mesh: {fileID: 0}
--- !u!64 &64155279914025542
MeshCollider:
  m_ObjectHideFlags: 1
  m_CorrespondingSourceObject: {fileID: 0}
  m_PrefabInternal: {fileID: 100100000}
  m_GameObject: {fileID: 1984244838316904}
  m_Material: {fileID: 0}
  m_IsTrigger: 0
  m_Enabled: 1
  serializedVersion: 3
  m_Convex: 0
  m_CookingOptions: 14
  m_SkinWidth: 0.01
  m_Mesh: {fileID: 0}
--- !u!114 &114229477521421940
MonoBehaviour:
  m_ObjectHideFlags: 1
  m_CorrespondingSourceObject: {fileID: 0}
  m_PrefabInternal: {fileID: 100100000}
  m_GameObject: {fileID: 1984244838316904}
  m_Enabled: 1
  m_EditorHideFlags: 0
  m_Script: {fileID: 16342205, guid: 0472bdc8d6d15384d98f22ee34302f9c, type: 3}
  m_Name: 
  m_EditorClassIdentifier: 
  _entityType: 0
--- !u!114 &114640372698815054
MonoBehaviour:
  m_ObjectHideFlags: 1
  m_CorrespondingSourceObject: {fileID: 0}
  m_PrefabInternal: {fileID: 100100000}
  m_GameObject: {fileID: 1984244838316904}
  m_Enabled: 1
  m_EditorHideFlags: 0
  m_Script: {fileID: 185759285, guid: 0472bdc8d6d15384d98f22ee34302f9c, type: 3}
  m_Name: 
  m_EditorClassIdentifier: 
  _quads:
  - _indices: 000000000100000002000000
    _distinctIndices: 000000000100000002000000
    _edges:
    - x: 0
      y: 1
    - x: 1
      y: 2
    - x: 2
      y: 0
    _smoothingGroup: -1
    _uv:
      useWorldSpace: 0
      flipU: 0
      flipV: 0
      swapUV: 0
      fill: 1
      scale: {x: 1, y: 1}
      offset: {x: 0, y: 0}
      rotation: 0
      justify: 0
      localPivot: {x: 0, y: 0}
      localSize: {x: 0, y: 0}
      anchor: 9
    _mat: {fileID: 2100000, guid: 55296d1b6ee54e14e8eb4648d4b448ee, type: 2}
    manualUV: 1
    elementGroup: -1
    textureGroup: -1
  - _indices: 030000000400000005000000
    _distinctIndices: 030000000400000005000000
    _edges:
    - x: 3
      y: 4
    - x: 4
      y: 5
    - x: 5
      y: 3
    _smoothingGroup: -1
    _uv:
      useWorldSpace: 0
      flipU: 0
      flipV: 0
      swapUV: 0
      fill: 1
      scale: {x: 1, y: 1}
      offset: {x: 0, y: 0}
      rotation: 0
      justify: 0
      localPivot: {x: 0, y: 0}
      localSize: {x: 0, y: 0}
      anchor: 9
    _mat: {fileID: 2100000, guid: 55296d1b6ee54e14e8eb4648d4b448ee, type: 2}
    manualUV: 1
    elementGroup: -1
    textureGroup: -1
  - _indices: 060000000700000008000000
    _distinctIndices: 060000000700000008000000
    _edges:
    - x: 6
      y: 7
    - x: 7
      y: 8
    - x: 8
      y: 6
    _smoothingGroup: -1
    _uv:
      useWorldSpace: 0
      flipU: 0
      flipV: 0
      swapUV: 0
      fill: 1
      scale: {x: 1, y: 1}
      offset: {x: 0, y: 0}
      rotation: 0
      justify: 0
      localPivot: {x: 0, y: 0}
      localSize: {x: 0, y: 0}
      anchor: 9
    _mat: {fileID: 2100000, guid: 55296d1b6ee54e14e8eb4648d4b448ee, type: 2}
    manualUV: 1
    elementGroup: -1
    textureGroup: -1
  - _indices: 090000000a0000000b000000
    _distinctIndices: 090000000a0000000b000000
    _edges:
    - x: 9
      y: 10
    - x: 10
      y: 11
    - x: 11
      y: 9
    _smoothingGroup: -1
    _uv:
      useWorldSpace: 0
      flipU: 0
      flipV: 0
      swapUV: 0
      fill: 1
      scale: {x: 1, y: 1}
      offset: {x: 0, y: 0}
      rotation: 0
      justify: 0
      localPivot: {x: 0, y: 0}
      localSize: {x: 0, y: 0}
      anchor: 9
    _mat: {fileID: 2100000, guid: 55296d1b6ee54e14e8eb4648d4b448ee, type: 2}
    manualUV: 1
    elementGroup: -1
    textureGroup: -1
  - _indices: 0c0000000d0000000e000000
    _distinctIndices: 0c0000000d0000000e000000
    _edges:
    - x: 12
      y: 13
    - x: 13
      y: 14
    - x: 14
      y: 12
    _smoothingGroup: -1
    _uv:
      useWorldSpace: 0
      flipU: 0
      flipV: 0
      swapUV: 0
      fill: 1
      scale: {x: 1, y: 1}
      offset: {x: 0, y: 0}
      rotation: 0
      justify: 0
      localPivot: {x: 0, y: 0}
      localSize: {x: 0, y: 0}
      anchor: 9
    _mat: {fileID: 2100000, guid: 55296d1b6ee54e14e8eb4648d4b448ee, type: 2}
    manualUV: 1
    elementGroup: -1
    textureGroup: -1
  - _indices: 0f0000001000000011000000
    _distinctIndices: 0f0000001000000011000000
    _edges:
    - x: 15
      y: 16
    - x: 16
      y: 17
    - x: 17
      y: 15
    _smoothingGroup: -1
    _uv:
      useWorldSpace: 0
      flipU: 0
      flipV: 0
      swapUV: 0
      fill: 1
      scale: {x: 1, y: 1}
      offset: {x: 0, y: 0}
      rotation: 0
      justify: 0
      localPivot: {x: 0, y: 0}
      localSize: {x: 0, y: 0}
      anchor: 9
    _mat: {fileID: 2100000, guid: 55296d1b6ee54e14e8eb4648d4b448ee, type: 2}
    manualUV: 1
    elementGroup: -1
    textureGroup: -1
  - _indices: 120000001300000014000000
    _distinctIndices: 120000001300000014000000
    _edges:
    - x: 18
      y: 19
    - x: 19
      y: 20
    - x: 20
      y: 18
    _smoothingGroup: -1
    _uv:
      useWorldSpace: 0
      flipU: 0
      flipV: 0
      swapUV: 0
      fill: 1
      scale: {x: 1, y: 1}
      offset: {x: 0, y: 0}
      rotation: 0
      justify: 0
      localPivot: {x: 0, y: 0}
      localSize: {x: 0, y: 0}
      anchor: 9
    _mat: {fileID: 2100000, guid: 55296d1b6ee54e14e8eb4648d4b448ee, type: 2}
    manualUV: 1
    elementGroup: -1
    textureGroup: -1
  - _indices: 150000001600000017000000
    _distinctIndices: 150000001600000017000000
    _edges:
    - x: 21
      y: 22
    - x: 22
      y: 23
    - x: 23
      y: 21
    _smoothingGroup: -1
    _uv:
      useWorldSpace: 0
      flipU: 0
      flipV: 0
      swapUV: 0
      fill: 1
      scale: {x: 1, y: 1}
      offset: {x: 0, y: 0}
      rotation: 0
      justify: 0
      localPivot: {x: 0, y: 0}
      localSize: {x: 0, y: 0}
      anchor: 9
    _mat: {fileID: 2100000, guid: 55296d1b6ee54e14e8eb4648d4b448ee, type: 2}
    manualUV: 1
    elementGroup: -1
    textureGroup: -1
  - _indices: 18000000190000001a000000
    _distinctIndices: 18000000190000001a000000
    _edges:
    - x: 24
      y: 25
    - x: 25
      y: 26
    - x: 26
      y: 24
    _smoothingGroup: -1
    _uv:
      useWorldSpace: 0
      flipU: 0
      flipV: 0
      swapUV: 0
      fill: 1
      scale: {x: 1, y: 1}
      offset: {x: 0, y: 0}
      rotation: 0
      justify: 0
      localPivot: {x: 0, y: 0}
      localSize: {x: 0, y: 0}
      anchor: 9
    _mat: {fileID: 2100000, guid: 55296d1b6ee54e14e8eb4648d4b448ee, type: 2}
    manualUV: 1
    elementGroup: -1
    textureGroup: -1
  - _indices: 1b0000001c0000001d000000
    _distinctIndices: 1b0000001c0000001d000000
    _edges:
    - x: 27
      y: 28
    - x: 28
      y: 29
    - x: 29
      y: 27
    _smoothingGroup: -1
    _uv:
      useWorldSpace: 0
      flipU: 0
      flipV: 0
      swapUV: 0
      fill: 1
      scale: {x: 1, y: 1}
      offset: {x: 0, y: 0}
      rotation: 0
      justify: 0
      localPivot: {x: 0, y: 0}
      localSize: {x: 0, y: 0}
      anchor: 9
    _mat: {fileID: 2100000, guid: 55296d1b6ee54e14e8eb4648d4b448ee, type: 2}
    manualUV: 1
    elementGroup: -1
    textureGroup: -1
  - _indices: 1e0000001f00000020000000
    _distinctIndices: 1e0000001f00000020000000
    _edges:
    - x: 30
      y: 31
    - x: 31
      y: 32
    - x: 32
      y: 30
    _smoothingGroup: -1
    _uv:
      useWorldSpace: 0
      flipU: 0
      flipV: 0
      swapUV: 0
      fill: 1
      scale: {x: 1, y: 1}
      offset: {x: 0, y: 0}
      rotation: 0
      justify: 0
      localPivot: {x: 0, y: 0}
      localSize: {x: 0, y: 0}
      anchor: 9
    _mat: {fileID: 2100000, guid: 55296d1b6ee54e14e8eb4648d4b448ee, type: 2}
    manualUV: 1
    elementGroup: -1
    textureGroup: -1
  - _indices: 210000002200000023000000
    _distinctIndices: 210000002200000023000000
    _edges:
    - x: 33
      y: 34
    - x: 34
      y: 35
    - x: 35
      y: 33
    _smoothingGroup: -1
    _uv:
      useWorldSpace: 0
      flipU: 0
      flipV: 0
      swapUV: 0
      fill: 1
      scale: {x: 1, y: 1}
      offset: {x: 0, y: 0}
      rotation: 0
      justify: 0
      localPivot: {x: 0, y: 0}
      localSize: {x: 0, y: 0}
      anchor: 9
    _mat: {fileID: 2100000, guid: 55296d1b6ee54e14e8eb4648d4b448ee, type: 2}
    manualUV: 1
    elementGroup: -1
    textureGroup: -1
  - _indices: 240000002500000026000000
    _distinctIndices: 240000002500000026000000
    _edges:
    - x: 36
      y: 37
    - x: 37
      y: 38
    - x: 38
      y: 36
    _smoothingGroup: 0
    _uv:
      useWorldSpace: 0
      flipU: 0
      flipV: 0
      swapUV: 0
      fill: 1
      scale: {x: 1, y: 1}
      offset: {x: 0, y: 0}
      rotation: 0
      justify: 0
      localPivot: {x: -0.1485028, y: -0.24501413}
      localSize: {x: 0, y: 0}
      anchor: 9
    _mat: {fileID: 2100000, guid: 55296d1b6ee54e14e8eb4648d4b448ee, type: 2}
    manualUV: 0
    elementGroup: 0
    textureGroup: -1
  - _indices: 270000002800000029000000
    _distinctIndices: 270000002800000029000000
    _edges:
    - x: 39
      y: 40
    - x: 40
      y: 41
    - x: 41
      y: 39
    _smoothingGroup: 0
    _uv:
      useWorldSpace: 0
      flipU: 0
      flipV: 0
      swapUV: 0
      fill: 1
      scale: {x: 1, y: 1}
      offset: {x: 0, y: 0}
      rotation: 0
      justify: 0
      localPivot: {x: -0.1485028, y: 0.000000029802322}
      localSize: {x: 0, y: 0}
      anchor: 9
    _mat: {fileID: 2100000, guid: 55296d1b6ee54e14e8eb4648d4b448ee, type: 2}
    manualUV: 0
    elementGroup: 0
    textureGroup: -1
  - _indices: 2a0000002b0000002c000000
    _distinctIndices: 2a0000002b0000002c000000
    _edges:
    - x: 42
      y: 43
    - x: 43
      y: 44
    - x: 44
      y: 42
    _smoothingGroup: 0
    _uv:
      useWorldSpace: 0
      flipU: 0
      flipV: 0
      swapUV: 0
      fill: 1
      scale: {x: 1, y: 1}
      offset: {x: 0, y: 0}
      rotation: 0
      justify: 0
      localPivot: {x: 0.13441521, y: 0.000000029802322}
      localSize: {x: 0, y: 0}
      anchor: 9
    _mat: {fileID: 2100000, guid: 55296d1b6ee54e14e8eb4648d4b448ee, type: 2}
    manualUV: 0
    elementGroup: 0
    textureGroup: -1
  - _indices: 2d0000002e0000002f000000
    _distinctIndices: 2d0000002e0000002f000000
    _edges:
    - x: 45
      y: 46
    - x: 46
      y: 47
    - x: 47
      y: 45
    _smoothingGroup: 0
    _uv:
      useWorldSpace: 0
      flipU: 0
      flipV: 0
      swapUV: 0
      fill: 1
      scale: {x: 1, y: 1}
      offset: {x: 0, y: 0}
      rotation: 0
      justify: 0
      localPivot: {x: 0.13441521, y: 0.24501419}
      localSize: {x: 0, y: 0}
      anchor: 9
    _mat: {fileID: 2100000, guid: 55296d1b6ee54e14e8eb4648d4b448ee, type: 2}
    manualUV: 0
    elementGroup: 0
    textureGroup: -1
  - _indices: 300000003100000032000000
    _distinctIndices: 300000003100000032000000
    _edges:
    - x: 48
      y: 49
    - x: 49
      y: 50
    - x: 50
      y: 48
    _smoothingGroup: 0
    _uv:
      useWorldSpace: 0
      flipU: 0
      flipV: 0
      swapUV: 0
      fill: 1
      scale: {x: 1, y: 1}
      offset: {x: 0, y: 0}
      rotation: 0
      justify: 0
      localPivot: {x: 0.0035218894, y: 0.030123241}
      localSize: {x: 0, y: 0}
      anchor: 9
    _mat: {fileID: 2100000, guid: 55296d1b6ee54e14e8eb4648d4b448ee, type: 2}
    manualUV: 0
    elementGroup: -1
    textureGroup: -1
  - _indices: 330000003400000035000000
    _distinctIndices: 330000003400000035000000
    _edges:
    - x: 51
      y: 52
    - x: 52
      y: 53
    - x: 53
      y: 51
    _smoothingGroup: 0
    _uv:
      useWorldSpace: 0
      flipU: 0
      flipV: 0
      swapUV: 0
      fill: 1
      scale: {x: 1, y: 1}
      offset: {x: 0, y: 0}
      rotation: 0
      justify: 0
      localPivot: {x: 0.0035218894, y: 0.030123241}
      localSize: {x: 0, y: 0}
      anchor: 9
    _mat: {fileID: 2100000, guid: 55296d1b6ee54e14e8eb4648d4b448ee, type: 2}
    manualUV: 0
    elementGroup: -1
    textureGroup: -1
  - _indices: 360000003700000038000000
    _distinctIndices: 360000003700000038000000
    _edges:
    - x: 54
      y: 55
    - x: 55
      y: 56
    - x: 56
      y: 54
    _smoothingGroup: 0
    _uv:
      useWorldSpace: 0
      flipU: 0
      flipV: 0
      swapUV: 0
      fill: 1
      scale: {x: 1, y: 1}
      offset: {x: 0, y: 0}
      rotation: 0
      justify: 0
      localPivot: {x: 0.0070438385, y: 0.030123241}
      localSize: {x: 0, y: 0}
      anchor: 9
    _mat: {fileID: 2100000, guid: 55296d1b6ee54e14e8eb4648d4b448ee, type: 2}
    manualUV: 0
    elementGroup: -1
    textureGroup: -1
  - _indices: 390000003a0000003b000000
    _distinctIndices: 390000003a0000003b000000
    _edges:
    - x: 57
      y: 58
    - x: 58
      y: 59
    - x: 59
      y: 57
    _smoothingGroup: 0
    _uv:
      useWorldSpace: 0
      flipU: 0
      flipV: 0
      swapUV: 0
      fill: 1
      scale: {x: 1, y: 1}
      offset: {x: 0, y: 0}
      rotation: 0
      justify: 0
      localPivot: {x: 0.0070438385, y: 0.030123241}
      localSize: {x: 0, y: 0}
      anchor: 9
    _mat: {fileID: 2100000, guid: 55296d1b6ee54e14e8eb4648d4b448ee, type: 2}
    manualUV: 0
    elementGroup: -1
    textureGroup: -1
  - _indices: 3c0000003d0000003e000000
    _distinctIndices: 3c0000003d0000003e000000
    _edges:
    - x: 60
      y: 61
    - x: 61
      y: 62
    - x: 62
      y: 60
    _smoothingGroup: 0
    _uv:
      useWorldSpace: 0
      flipU: 0
      flipV: 0
      swapUV: 0
      fill: 1
      scale: {x: 1, y: 1}
      offset: {x: 0, y: 0}
      rotation: 0
      justify: 0
      localPivot: {x: 0.0035218745, y: 0.030123241}
      localSize: {x: 0, y: 0}
      anchor: 9
    _mat: {fileID: 2100000, guid: 55296d1b6ee54e14e8eb4648d4b448ee, type: 2}
    manualUV: 0
    elementGroup: -1
    textureGroup: -1
  - _indices: 3f0000004000000041000000
    _distinctIndices: 3f0000004000000041000000
    _edges:
    - x: 63
      y: 64
    - x: 64
      y: 65
    - x: 65
      y: 63
    _smoothingGroup: 0
    _uv:
      useWorldSpace: 0
      flipU: 0
      flipV: 0
      swapUV: 0
      fill: 1
      scale: {x: 1, y: 1}
      offset: {x: 0, y: 0}
      rotation: 0
      justify: 0
      localPivot: {x: 0.0035218745, y: 0.030123241}
      localSize: {x: 0, y: 0}
      anchor: 9
    _mat: {fileID: 2100000, guid: 55296d1b6ee54e14e8eb4648d4b448ee, type: 2}
    manualUV: 0
    elementGroup: -1
    textureGroup: -1
  - _indices: 420000004300000044000000
    _distinctIndices: 420000004300000044000000
    _edges:
    - x: 66
      y: 67
    - x: 67
      y: 68
    - x: 68
      y: 66
    _smoothingGroup: 0
    _uv:
      useWorldSpace: 0
      flipU: 0
      flipV: 0
      swapUV: 0
      fill: 1
      scale: {x: 1, y: 1}
      offset: {x: 0, y: 0}
      rotation: 0
      justify: 0
      localPivot: {x: -0.0035219193, y: 0.030123241}
      localSize: {x: 0, y: 0}
      anchor: 9
    _mat: {fileID: 2100000, guid: 55296d1b6ee54e14e8eb4648d4b448ee, type: 2}
    manualUV: 0
    elementGroup: -1
    textureGroup: -1
  - _indices: 450000004600000047000000
    _distinctIndices: 450000004600000047000000
    _edges:
    - x: 69
      y: 70
    - x: 70
      y: 71
    - x: 71
      y: 69
    _smoothingGroup: 0
    _uv:
      useWorldSpace: 0
      flipU: 0
      flipV: 0
      swapUV: 0
      fill: 1
      scale: {x: 1, y: 1}
      offset: {x: 0, y: 0}
      rotation: 0
      justify: 0
      localPivot: {x: -0.0035219193, y: 0.030123241}
      localSize: {x: 0, y: 0}
      anchor: 9
    _mat: {fileID: 2100000, guid: 55296d1b6ee54e14e8eb4648d4b448ee, type: 2}
    manualUV: 0
    elementGroup: -1
    textureGroup: -1
  - _indices: 48000000490000004a000000
    _distinctIndices: 48000000490000004a000000
    _edges:
    - x: 72
      y: 73
    - x: 73
      y: 74
    - x: 74
      y: 72
    _smoothingGroup: 0
    _uv:
      useWorldSpace: 0
      flipU: 0
      flipV: 0
      swapUV: 0
      fill: 1
      scale: {x: 1, y: 1}
      offset: {x: 0, y: 0}
      rotation: 0
      justify: 0
      localPivot: {x: -0.007043779, y: 0.030123241}
      localSize: {x: 0, y: 0}
      anchor: 9
    _mat: {fileID: 2100000, guid: 55296d1b6ee54e14e8eb4648d4b448ee, type: 2}
    manualUV: 0
    elementGroup: -1
    textureGroup: -1
  - _indices: 4b0000004c0000004d000000
    _distinctIndices: 4b0000004c0000004d000000
    _edges:
    - x: 75
      y: 76
    - x: 76
      y: 77
    - x: 77
      y: 75
    _smoothingGroup: 0
    _uv:
      useWorldSpace: 0
      flipU: 0
      flipV: 0
      swapUV: 0
      fill: 1
      scale: {x: 1, y: 1}
      offset: {x: 0, y: 0}
      rotation: 0
      justify: 0
      localPivot: {x: -0.007043779, y: 0.030123241}
      localSize: {x: 0, y: 0}
      anchor: 9
    _mat: {fileID: 2100000, guid: 55296d1b6ee54e14e8eb4648d4b448ee, type: 2}
    manualUV: 0
    elementGroup: -1
    textureGroup: -1
  - _indices: 4e0000004f00000050000000
    _distinctIndices: 4e0000004f00000050000000
    _edges:
    - x: 78
      y: 79
    - x: 79
      y: 80
    - x: 80
      y: 78
    _smoothingGroup: 0
    _uv:
      useWorldSpace: 0
      flipU: 0
      flipV: 0
      swapUV: 0
      fill: 1
      scale: {x: 1, y: 1}
      offset: {x: 0, y: 0}
      rotation: 0
      justify: 0
      localPivot: {x: -0.0035219342, y: 0.030123241}
      localSize: {x: 0, y: 0}
      anchor: 9
    _mat: {fileID: 2100000, guid: 55296d1b6ee54e14e8eb4648d4b448ee, type: 2}
    manualUV: 0
    elementGroup: -1
    textureGroup: -1
  - _indices: 510000005200000053000000
    _distinctIndices: 510000005200000053000000
    _edges:
    - x: 81
      y: 82
    - x: 82
      y: 83
    - x: 83
      y: 81
    _smoothingGroup: 0
    _uv:
      useWorldSpace: 0
      flipU: 0
      flipV: 0
      swapUV: 0
      fill: 1
      scale: {x: 1, y: 1}
      offset: {x: 0, y: 0}
      rotation: 0
      justify: 0
      localPivot: {x: -0.0035219342, y: 0.030123241}
      localSize: {x: 0, y: 0}
      anchor: 9
    _mat: {fileID: 2100000, guid: 55296d1b6ee54e14e8eb4648d4b448ee, type: 2}
    manualUV: 0
    elementGroup: -1
    textureGroup: -1
  - _indices: 540000005500000056000000
    _distinctIndices: 540000005500000056000000
    _edges:
    - x: 84
      y: 85
    - x: 85
      y: 86
    - x: 86
      y: 84
    _smoothingGroup: 0
    _uv:
      useWorldSpace: 0
      flipU: 0
      flipV: 0
      swapUV: 0
      fill: 1
      scale: {x: 1, y: 1}
      offset: {x: 0, y: 0}
      rotation: 0
      justify: 0
      localPivot: {x: -0.75745416, y: -0.43316108}
      localSize: {x: 0, y: 0}
      anchor: 9
    _mat: {fileID: 2100000, guid: 55296d1b6ee54e14e8eb4648d4b448ee, type: 2}
    manualUV: 0
    elementGroup: -1
    textureGroup: -1
  - _indices: 570000005800000059000000
    _distinctIndices: 570000005800000059000000
    _edges:
    - x: 87
      y: 88
    - x: 88
      y: 89
    - x: 89
      y: 87
    _smoothingGroup: 0
    _uv:
      useWorldSpace: 0
      flipU: 0
      flipV: 0
      swapUV: 0
      fill: 1
      scale: {x: 1, y: 1}
      offset: {x: 0, y: 0}
      rotation: 0
      justify: 0
      localPivot: {x: -0.9656752, y: -0.4177483}
      localSize: {x: 0, y: 0}
      anchor: 9
    _mat: {fileID: 2100000, guid: 55296d1b6ee54e14e8eb4648d4b448ee, type: 2}
    manualUV: 0
    elementGroup: -1
    textureGroup: -1
  - _indices: 5a0000005b0000005c000000
    _distinctIndices: 5a0000005b0000005c000000
    _edges:
    - x: 90
      y: 91
    - x: 91
      y: 92
    - x: 92
      y: 90
    _smoothingGroup: 0
    _uv:
      useWorldSpace: 0
      flipU: 0
      flipV: 0
      swapUV: 0
      fill: 1
      scale: {x: 1, y: 1}
      offset: {x: 0, y: 0}
      rotation: 0
      justify: 0
      localPivot: {x: -0.007043779, y: -0.98810405}
      localSize: {x: 0, y: 0}
      anchor: 9
    _mat: {fileID: 2100000, guid: 55296d1b6ee54e14e8eb4648d4b448ee, type: 2}
    manualUV: 0
    elementGroup: -1
    textureGroup: -1
  - _indices: 5d0000005e0000005f000000
    _distinctIndices: 5d0000005e0000005f000000
    _edges:
    - x: 93
      y: 94
    - x: 94
      y: 95
    - x: 95
      y: 93
    _smoothingGroup: 0
    _uv:
      useWorldSpace: 0
      flipU: 0
      flipV: 0
      swapUV: 0
      fill: 1
      scale: {x: 1, y: 1}
      offset: {x: 0, y: 0}
      rotation: 0
      justify: 0
      localPivot: {x: -0.07185674, y: -0.98810405}
      localSize: {x: 0, y: 0}
      anchor: 9
    _mat: {fileID: 2100000, guid: 55296d1b6ee54e14e8eb4648d4b448ee, type: 2}
    manualUV: 0
    elementGroup: -1
    textureGroup: -1
  - _indices: 600000006100000062000000
    _distinctIndices: 600000006100000062000000
    _edges:
    - x: 96
      y: 97
    - x: 97
      y: 98
    - x: 98
      y: 96
    _smoothingGroup: 0
    _uv:
      useWorldSpace: 0
      flipU: 0
      flipV: 0
      swapUV: 0
      fill: 1
      scale: {x: 1, y: 1}
      offset: {x: 0, y: 0}
      rotation: 0
      justify: 0
      localPivot: {x: 0.87642384, y: -0.4331409}
      localSize: {x: 0, y: 0}
      anchor: 9
    _mat: {fileID: 2100000, guid: 55296d1b6ee54e14e8eb4648d4b448ee, type: 2}
    manualUV: 0
    elementGroup: -1
    textureGroup: -1
  - _indices: 630000006400000065000000
    _distinctIndices: 630000006400000065000000
    _edges:
    - x: 99
      y: 100
    - x: 100
      y: 101
    - x: 101
      y: 99
    _smoothingGroup: 0
    _uv:
      useWorldSpace: 0
      flipU: 0
      flipV: 0
      swapUV: 0
      fill: 1
      scale: {x: 1, y: 1}
      offset: {x: 0, y: 0}
      rotation: 0
      justify: 0
      localPivot: {x: 0.8764499, y: -0.57023996}
      localSize: {x: 0, y: 0}
      anchor: 9
    _mat: {fileID: 2100000, guid: 55296d1b6ee54e14e8eb4648d4b448ee, type: 2}
    manualUV: 0
    elementGroup: -1
    textureGroup: -1
  - _indices: 660000006700000068000000
    _distinctIndices: 660000006700000068000000
    _edges:
    - x: 102
      y: 103
    - x: 103
      y: 104
    - x: 104
      y: 102
    _smoothingGroup: 0
    _uv:
      useWorldSpace: 0
      flipU: 0
      flipV: 0
      swapUV: 0
      fill: 1
      scale: {x: 1, y: 1}
      offset: {x: 0, y: 0}
      rotation: 0
      justify: 0
      localPivot: {x: -0.8834754, y: 0.4331423}
      localSize: {x: 0, y: 0}
      anchor: 9
    _mat: {fileID: 2100000, guid: 55296d1b6ee54e14e8eb4648d4b448ee, type: 2}
    manualUV: 0
    elementGroup: -1
    textureGroup: -1
  - _indices: 690000006a0000006b000000
    _distinctIndices: 690000006a0000006b000000
    _edges:
    - x: 105
      y: 106
    - x: 106
      y: 107
    - x: 107
      y: 105
    _smoothingGroup: 0
    _uv:
      useWorldSpace: 0
      flipU: 0
      flipV: 0
      swapUV: 0
      fill: 1
      scale: {x: 1, y: 1}
      offset: {x: 0, y: 0}
      rotation: 0
      justify: 0
      localPivot: {x: -0.88350284, y: 0.57024133}
      localSize: {x: 0, y: 0}
      anchor: 9
    _mat: {fileID: 2100000, guid: 55296d1b6ee54e14e8eb4648d4b448ee, type: 2}
    manualUV: 0
    elementGroup: -1
    textureGroup: -1
  - _indices: 6c0000006d0000006e000000
    _distinctIndices: 6c0000006d0000006e000000
    _edges:
    - x: 108
      y: 109
    - x: 109
      y: 110
    - x: 110
      y: 108
    _smoothingGroup: 0
    _uv:
      useWorldSpace: 0
      flipU: 0
      flipV: 0
      swapUV: 0
      fill: 1
      scale: {x: 1, y: 1}
      offset: {x: 0, y: 0}
      rotation: 0
      justify: 0
      localPivot: {x: -0.007043779, y: 0.9881042}
      localSize: {x: 0, y: 0}
      anchor: 9
    _mat: {fileID: 2100000, guid: 55296d1b6ee54e14e8eb4648d4b448ee, type: 2}
    manualUV: 0
    elementGroup: -1
    textureGroup: -1
  - _indices: 6f0000007000000071000000
    _distinctIndices: 6f0000007000000071000000
    _edges:
    - x: 111
      y: 112
    - x: 112
      y: 113
    - x: 113
      y: 111
    _smoothingGroup: 0
    _uv:
      useWorldSpace: 0
      flipU: 0
      flipV: 0
      swapUV: 0
      fill: 1
      scale: {x: 1, y: 1}
      offset: {x: 0, y: 0}
      rotation: 0
      justify: 0
      localPivot: {x: 0.06481314, y: 0.9881042}
      localSize: {x: 0, y: 0}
      anchor: 9
    _mat: {fileID: 2100000, guid: 55296d1b6ee54e14e8eb4648d4b448ee, type: 2}
    manualUV: 0
    elementGroup: -1
    textureGroup: -1
  - _indices: 720000007300000074000000
    _distinctIndices: 720000007300000074000000
    _edges:
    - x: 114
      y: 115
    - x: 115
      y: 116
    - x: 116
      y: 114
    _smoothingGroup: 0
    _uv:
      useWorldSpace: 0
      flipU: 0
      flipV: 0
      swapUV: 0
      fill: 1
      scale: {x: 1, y: 1}
      offset: {x: 0, y: 0}
      rotation: 0
      justify: 0
      localPivot: {x: 0.7430434, y: 0.4330606}
      localSize: {x: 0, y: 0}
      anchor: 9
    _mat: {fileID: 2100000, guid: 55296d1b6ee54e14e8eb4648d4b448ee, type: 2}
    manualUV: 0
    elementGroup: -1
    textureGroup: -1
  - _indices: 750000007600000077000000
    _distinctIndices: 750000007600000077000000
    _edges:
    - x: 117
      y: 118
    - x: 118
      y: 119
    - x: 119
      y: 117
    _smoothingGroup: 0
    _uv:
      useWorldSpace: 0
      flipU: 0
      flipV: 0
      swapUV: 0
      fill: 1
      scale: {x: 1, y: 1}
      offset: {x: 0, y: 0}
      rotation: 0
      justify: 0
      localPivot: {x: 1.0777149, y: 0.4176323}
      localSize: {x: 0, y: 0}
      anchor: 9
    _mat: {fileID: 2100000, guid: 55296d1b6ee54e14e8eb4648d4b448ee, type: 2}
    manualUV: 0
    elementGroup: -1
    textureGroup: -1
  - _indices: 78000000790000007a000000
    _distinctIndices: 78000000790000007a000000
    _edges:
    - x: 120
      y: 121
    - x: 121
      y: 122
    - x: 122
      y: 120
    _smoothingGroup: 0
    _uv:
      useWorldSpace: 0
      flipU: 0
      flipV: 0
      swapUV: 0
      fill: 1
      scale: {x: 1, y: 1}
      offset: {x: 0, y: 0}
      rotation: 0
      justify: 0
      localPivot: {x: 1.12641, y: -0.000119537115}
      localSize: {x: 0, y: 0}
      anchor: 9
    _mat: {fileID: 2100000, guid: 55296d1b6ee54e14e8eb4648d4b448ee, type: 2}
    manualUV: 0
    elementGroup: -1
    textureGroup: -1
  - _indices: 7b0000007c0000007d000000
    _distinctIndices: 7b0000007c0000007d000000
    _edges:
    - x: 123
      y: 124
    - x: 124
      y: 125
    - x: 125
      y: 123
    _smoothingGroup: 0
    _uv:
      useWorldSpace: 0
      flipU: 0
      flipV: 0
      swapUV: 0
      fill: 1
      scale: {x: 1, y: 1}
      offset: {x: 0, y: 0}
      rotation: 0
      justify: 0
      localPivot: {x: 0.6297925, y: 0.97266376}
      localSize: {x: 0, y: 0}
      anchor: 9
    _mat: {fileID: 2100000, guid: 55296d1b6ee54e14e8eb4648d4b448ee, type: 2}
    manualUV: 0
    elementGroup: -1
    textureGroup: -1
  - _indices: 7e0000007f00000080000000
    _distinctIndices: 7e0000007f00000080000000
    _edges:
    - x: 126
      y: 127
    - x: 127
      y: 128
    - x: 128
      y: 126
    _smoothingGroup: 0
    _uv:
      useWorldSpace: 0
      flipU: 0
      flipV: 0
      swapUV: 0
      fill: 1
      scale: {x: 1, y: 1}
      offset: {x: 0, y: 0}
      rotation: 0
      justify: 0
      localPivot: {x: -0.6300667, y: 0.9725934}
      localSize: {x: 0, y: 0}
      anchor: 9
    _mat: {fileID: 2100000, guid: 55296d1b6ee54e14e8eb4648d4b448ee, type: 2}
    manualUV: 0
    elementGroup: -1
    textureGroup: -1
  - _indices: 810000008200000083000000
    _distinctIndices: 810000008200000083000000
    _edges:
    - x: 129
      y: 130
    - x: 130
      y: 131
    - x: 131
      y: 129
    _smoothingGroup: 0
    _uv:
      useWorldSpace: 0
      flipU: 0
      flipV: 0
      swapUV: 0
      fill: 1
      scale: {x: 1, y: 1}
      offset: {x: 0, y: 0}
      rotation: 0
      justify: 0
      localPivot: {x: -1.1336179, y: -0.000032767653}
      localSize: {x: 0, y: 0}
      anchor: 9
    _mat: {fileID: 2100000, guid: 55296d1b6ee54e14e8eb4648d4b448ee, type: 2}
    manualUV: 0
    elementGroup: -1
    textureGroup: -1
  - _indices: 840000008500000086000000
    _distinctIndices: 840000008500000086000000
    _edges:
    - x: 132
      y: 133
    - x: 133
      y: 134
    - x: 134
      y: 132
    _smoothingGroup: 0
    _uv:
      useWorldSpace: 0
      flipU: 0
      flipV: 0
      swapUV: 0
      fill: 1
      scale: {x: 1, y: 1}
      offset: {x: 0, y: 0}
      rotation: 0
      justify: 0
      localPivot: {x: -0.5740433, y: -0.97250736}
      localSize: {x: 0, y: 0}
      anchor: 9
    _mat: {fileID: 2100000, guid: 55296d1b6ee54e14e8eb4648d4b448ee, type: 2}
    manualUV: 0
    elementGroup: -1
    textureGroup: -1
  - _indices: 870000008800000089000000
    _distinctIndices: 870000008800000089000000
    _edges:
    - x: 135
      y: 136
    - x: 136
      y: 137
    - x: 137
      y: 135
    _smoothingGroup: 0
    _uv:
      useWorldSpace: 0
      flipU: 0
      flipV: 0
      swapUV: 0
      fill: 1
      scale: {x: 1, y: 1}
      offset: {x: 0, y: 0}
      rotation: 0
      justify: 0
      localPivot: {x: 0.63005245, y: -0.97260153}
      localSize: {x: 0, y: 0}
      anchor: 9
    _mat: {fileID: 2100000, guid: 55296d1b6ee54e14e8eb4648d4b448ee, type: 2}
    manualUV: 0
    elementGroup: -1
    textureGroup: -1
  - _indices: 8a0000008b0000008c000000
    _distinctIndices: 8a0000008b0000008c000000
    _edges:
    - x: 138
      y: 139
    - x: 139
      y: 140
    - x: 140
      y: 138
    _smoothingGroup: 0
    _uv:
      useWorldSpace: 0
      flipU: 0
      flipV: 0
      swapUV: 0
      fill: 1
      scale: {x: 1, y: 1}
      offset: {x: 0, y: 0}
      rotation: 0
      justify: 0
      localPivot: {x: -0.13441521, y: 0.24501419}
      localSize: {x: 0, y: 0}
      anchor: 9
    _mat: {fileID: 2100000, guid: 55296d1b6ee54e14e8eb4648d4b448ee, type: 2}
    manualUV: 0
    elementGroup: 0
    textureGroup: -1
  - _indices: 8d0000008e0000008f000000
    _distinctIndices: 8d0000008e0000008f000000
    _edges:
    - x: 141
      y: 142
    - x: 142
      y: 143
    - x: 143
      y: 141
    _smoothingGroup: 0
    _uv:
      useWorldSpace: 0
      flipU: 0
      flipV: 0
      swapUV: 0
      fill: 1
      scale: {x: 1, y: 1}
      offset: {x: 0, y: 0}
      rotation: 0
      justify: 0
      localPivot: {x: -0.13441521, y: 0.000000029802322}
      localSize: {x: 0, y: 0}
      anchor: 9
    _mat: {fileID: 2100000, guid: 55296d1b6ee54e14e8eb4648d4b448ee, type: 2}
    manualUV: 0
    elementGroup: 0
    textureGroup: -1
  - _indices: 900000009100000092000000
    _distinctIndices: 900000009100000092000000
    _edges:
    - x: 144
      y: 145
    - x: 145
      y: 146
    - x: 146
      y: 144
    _smoothingGroup: 0
    _uv:
      useWorldSpace: 0
      flipU: 0
      flipV: 0
      swapUV: 0
      fill: 1
      scale: {x: 1, y: 1}
      offset: {x: 0, y: 0}
      rotation: 0
      justify: 0
      localPivot: {x: 0.1485028, y: 0.000000029802322}
      localSize: {x: 0, y: 0}
      anchor: 9
    _mat: {fileID: 2100000, guid: 55296d1b6ee54e14e8eb4648d4b448ee, type: 2}
    manualUV: 0
    elementGroup: 0
    textureGroup: -1
  - _indices: 930000009400000095000000
    _distinctIndices: 930000009400000095000000
    _edges:
    - x: 147
      y: 148
    - x: 148
      y: 149
    - x: 149
      y: 147
    _smoothingGroup: 0
    _uv:
      useWorldSpace: 0
      flipU: 0
      flipV: 0
      swapUV: 0
      fill: 1
      scale: {x: 1, y: 1}
      offset: {x: 0, y: 0}
      rotation: 0
      justify: 0
      localPivot: {x: 0.1485028, y: -0.24501413}
      localSize: {x: 0, y: 0}
      anchor: 9
    _mat: {fileID: 2100000, guid: 55296d1b6ee54e14e8eb4648d4b448ee, type: 2}
    manualUV: 0
    elementGroup: 0
    textureGroup: -1
  - _indices: 960000009700000098000000
    _distinctIndices: 960000009700000098000000
    _edges:
    - x: 150
      y: 151
    - x: 151
      y: 152
    - x: 152
      y: 150
    _smoothingGroup: 0
    _uv:
      useWorldSpace: 0
      flipU: 0
      flipV: 0
      swapUV: 0
      fill: 1
      scale: {x: 1, y: 1}
      offset: {x: 0, y: 0}
      rotation: 0
      justify: 0
      localPivot: {x: -0.0035219193, y: -0.22557071}
      localSize: {x: 0, y: 0}
      anchor: 9
    _mat: {fileID: 2100000, guid: 55296d1b6ee54e14e8eb4648d4b448ee, type: 2}
    manualUV: 0
    elementGroup: -1
    textureGroup: -1
  - _indices: 990000009a0000009b000000
    _distinctIndices: 990000009a0000009b000000
    _edges:
    - x: 153
      y: 154
    - x: 154
      y: 155
    - x: 155
      y: 153
    _smoothingGroup: 0
    _uv:
      useWorldSpace: 0
      flipU: 0
      flipV: 0
      swapUV: 0
      fill: 1
      scale: {x: 1, y: 1}
      offset: {x: 0, y: 0}
      rotation: 0
      justify: 0
      localPivot: {x: 0.057681635, y: -0.19395643}
      localSize: {x: 0, y: 0}
      anchor: 9
    _mat: {fileID: 2100000, guid: 55296d1b6ee54e14e8eb4648d4b448ee, type: 2}
    manualUV: 0
    elementGroup: -1
    textureGroup: -1
  - _indices: 9c0000009d0000009e000000
    _distinctIndices: 9c0000009d0000009e000000
    _edges:
    - x: 156
      y: 157
    - x: 157
      y: 158
    - x: 158
      y: 156
    _smoothingGroup: 0
    _uv:
      useWorldSpace: 0
      flipU: 0
      flipV: 0
      swapUV: 0
      fill: 1
      scale: {x: 1, y: 1}
      offset: {x: 0, y: 0}
      rotation: 0
      justify: 0
      localPivot: {x: -0.0070438385, y: -0.16977057}
      localSize: {x: 0, y: 0}
      anchor: 9
    _mat: {fileID: 2100000, guid: 55296d1b6ee54e14e8eb4648d4b448ee, type: 2}
    manualUV: 0
    elementGroup: -1
    textureGroup: -1
  - _indices: 9f000000a0000000a1000000
    _distinctIndices: 9f000000a0000000a1000000
    _edges:
    - x: 159
      y: 160
    - x: 160
      y: 161
    - x: 161
      y: 159
    _smoothingGroup: 0
    _uv:
      useWorldSpace: 0
      flipU: 0
      flipV: 0
      swapUV: 0
      fill: 1
      scale: {x: 1, y: 1}
      offset: {x: 0, y: 0}
      rotation: 0
      justify: 0
      localPivot: {x: 0.034848303, y: -0.1697706}
      localSize: {x: 0, y: 0}
      anchor: 9
    _mat: {fileID: 2100000, guid: 55296d1b6ee54e14e8eb4648d4b448ee, type: 2}
    manualUV: 0
    elementGroup: -1
    textureGroup: -1
  - _indices: a2000000a3000000a4000000
    _distinctIndices: a2000000a3000000a4000000
    _edges:
    - x: 162
      y: 163
    - x: 163
      y: 164
    - x: 164
      y: 162
    _smoothingGroup: 0
    _uv:
      useWorldSpace: 0
      flipU: 0
      flipV: 0
      swapUV: 0
      fill: 1
      scale: {x: 1, y: 1}
      offset: {x: 0, y: 0}
      rotation: 0
      justify: 0
      localPivot: {x: -0.0035218745, y: -0.19593391}
      localSize: {x: 0, y: 0}
      anchor: 9
    _mat: {fileID: 2100000, guid: 55296d1b6ee54e14e8eb4648d4b448ee, type: 2}
    manualUV: 0
    elementGroup: -1
    textureGroup: -1
  - _indices: a5000000a6000000a7000000
    _distinctIndices: a5000000a6000000a7000000
    _edges:
    - x: 165
      y: 166
    - x: 166
      y: 167
    - x: 167
      y: 165
    _smoothingGroup: 0
    _uv:
      useWorldSpace: 0
      flipU: 0
      flipV: 0
      swapUV: 0
      fill: 1
      scale: {x: 1, y: 1}
      offset: {x: 0, y: 0}
      rotation: 0
      justify: 0
      localPivot: {x: 0.0011547804, y: -0.22832486}
      localSize: {x: 0, y: 0}
      anchor: 9
    _mat: {fileID: 2100000, guid: 55296d1b6ee54e14e8eb4648d4b448ee, type: 2}
    manualUV: 0
    elementGroup: -1
    textureGroup: -1
  - _indices: a8000000a9000000aa000000
    _distinctIndices: a8000000a9000000aa000000
    _edges:
    - x: 168
      y: 169
    - x: 169
      y: 170
    - x: 170
      y: 168
    _smoothingGroup: 0
    _uv:
      useWorldSpace: 0
      flipU: 0
      flipV: 0
      swapUV: 0
      fill: 1
      scale: {x: 1, y: 1}
      offset: {x: 0, y: 0}
      rotation: 0
      justify: 0
      localPivot: {x: 0.003521964, y: -0.22137514}
      localSize: {x: 0, y: 0}
      anchor: 9
    _mat: {fileID: 2100000, guid: 55296d1b6ee54e14e8eb4648d4b448ee, type: 2}
    manualUV: 0
    elementGroup: -1
    textureGroup: -1
  - _indices: ab000000ac000000ad000000
    _distinctIndices: ab000000ac000000ad000000
    _edges:
    - x: 171
      y: 172
    - x: 172
      y: 173
    - x: 173
      y: 171
    _smoothingGroup: 0
    _uv:
      useWorldSpace: 0
      flipU: 0
      flipV: 0
      swapUV: 0
      fill: 1
      scale: {x: 1, y: 1}
      offset: {x: 0, y: 0}
      rotation: 0
      justify: 0
      localPivot: {x: 0.06436284, y: -0.19028132}
      localSize: {x: 0, y: 0}
      anchor: 9
    _mat: {fileID: 2100000, guid: 55296d1b6ee54e14e8eb4648d4b448ee, type: 2}
    manualUV: 0
    elementGroup: -1
    textureGroup: -1
  - _indices: ae000000af000000b0000000
    _distinctIndices: ae000000af000000b0000000
    _edges:
    - x: 174
      y: 175
    - x: 175
      y: 176
    - x: 176
      y: 174
    _smoothingGroup: 0
    _uv:
      useWorldSpace: 0
      flipU: 0
      flipV: 0
      swapUV: 0
      fill: 1
      scale: {x: 1, y: 1}
      offset: {x: 0, y: 0}
      rotation: 0
      justify: 0
      localPivot: {x: 0.007043779, y: -0.1697704}
      localSize: {x: 0, y: 0}
      anchor: 9
    _mat: {fileID: 2100000, guid: 55296d1b6ee54e14e8eb4648d4b448ee, type: 2}
    manualUV: 0
    elementGroup: -1
    textureGroup: -1
  - _indices: b1000000b2000000b3000000
    _distinctIndices: b1000000b2000000b3000000
    _edges:
    - x: 177
      y: 178
    - x: 178
      y: 179
    - x: 179
      y: 177
    _smoothingGroup: 0
    _uv:
      useWorldSpace: 0
      flipU: 0
      flipV: 0
      swapUV: 0
      fill: 1
      scale: {x: 1, y: 1}
      offset: {x: 0, y: 0}
      rotation: 0
      justify: 0
      localPivot: {x: 0.04893607, y: -0.16977029}
      localSize: {x: 0, y: 0}
      anchor: 9
    _mat: {fileID: 2100000, guid: 55296d1b6ee54e14e8eb4648d4b448ee, type: 2}
    manualUV: 0
    elementGroup: -1
    textureGroup: -1
  - _indices: b4000000b5000000b6000000
    _distinctIndices: b4000000b5000000b6000000
    _edges:
    - x: 180
      y: 181
    - x: 181
      y: 182
    - x: 182
      y: 180
    _smoothingGroup: 0
    _uv:
      useWorldSpace: 0
      flipU: 0
      flipV: 0
      swapUV: 0
      fill: 1
      scale: {x: 1, y: 1}
      offset: {x: 0, y: 0}
      rotation: 0
      justify: 0
      localPivot: {x: 0.0035218894, y: -0.199588}
      localSize: {x: 0, y: 0}
      anchor: 9
    _mat: {fileID: 2100000, guid: 55296d1b6ee54e14e8eb4648d4b448ee, type: 2}
    manualUV: 0
    elementGroup: -1
    textureGroup: -1
  - _indices: b7000000b8000000b9000000
    _distinctIndices: b7000000b8000000b9000000
    _edges:
    - x: 183
      y: 184
    - x: 184
      y: 185
    - x: 185
      y: 183
    _smoothingGroup: 0
    _uv:
      useWorldSpace: 0
      flipU: 0
      flipV: 0
      swapUV: 0
      fill: 1
      scale: {x: 1, y: 1}
      offset: {x: 0, y: 0}
      rotation: 0
      justify: 0
      localPivot: {x: 0.007835597, y: -0.23265225}
      localSize: {x: 0, y: 0}
      anchor: 9
    _mat: {fileID: 2100000, guid: 55296d1b6ee54e14e8eb4648d4b448ee, type: 2}
    manualUV: 0
    elementGroup: -1
    textureGroup: -1
  _sharedIndices:
  - array: 000000001f0000002100000098000000b5000000b9000000
  - array: 02000000050000002200000055000000590000006800000083000000
  - array: 010000000300000006000000970000009b0000009e000000
  - array: 04000000080000000b000000560000005b0000005f00000086000000
  - array: 07000000090000000c0000009d000000a1000000a4000000
  - array: 0a0000000e000000110000005c000000610000006500000089000000
  - array: 0d0000000f00000012000000a3000000a7000000aa000000
  - array: 10000000140000001700000062000000730000007700000078000000
  - array: 130000001500000018000000a9000000ad000000b0000000
  - array: 160000001a0000001d0000006d00000071000000740000007b000000
  - array: 190000001b0000001e000000af000000b3000000b6000000
  - array: 1c0000002000000023000000670000006b0000006e00000080000000
  - array: 2500000029000000300000003300000052000000
  - array: 2400000034000000370000003b000000
  - array: 26000000280000002a000000380000003c0000003f000000
  - array: 2c0000002f000000400000004200000045000000
  - array: 2e00000046000000490000004d000000
  - array: 270000002b0000002d0000004a0000004e00000051000000
  - array: 320000004f000000530000009000000094000000
  - array: 31000000350000003a00000095000000
  - array: 36000000390000003e0000008f0000009100000093000000
  - array: 3d00000041000000440000008a0000008d000000
  - array: 43000000470000004c0000008b000000
  - array: 480000004b000000500000008c0000008e00000092000000
  - array: 540000005700000085000000
  - array: 5800000081000000
  - array: 5a0000005d00000088000000
  - array: 5e00000084000000
  - array: 60000000630000007a000000
  - array: 6400000087000000
  - array: 660000006900000082000000
  - array: 6a0000007e000000
  - array: 6c0000006f0000007f000000
  - array: 700000007c000000
  - array: 72000000750000007d000000
  - array: 7600000079000000
  - array: 9600000099000000b8000000
  - array: 9a0000009c0000009f000000
  - array: a0000000a2000000a5000000
  - array: a6000000a8000000ab000000
  - array: ac000000ae000000b1000000
  - array: b2000000b4000000b7000000
  _vertices:
  - {x: 0.8412079, y: -0.19813032, z: 0}
  - {x: 0.4241259, y: -0.19813032, z: -0.7224073}
  - {x: 1.0070438, y: 0.030123277, z: 0}
  - {x: 0.4241259, y: -0.19813032, z: -0.7224073}
  - {x: 0.50704384, y: 0.030123277, z: -0.8660254}
  - {x: 1.0070438, y: 0.030123277, z: 0}
  - {x: 0.4241259, y: -0.19813032, z: -0.7224073}
  - {x: -0.41003823, y: -0.19813032, z: -0.7224073}
  - {x: 0.50704384, y: 0.030123277, z: -0.8660254}
  - {x: -0.41003823, y: -0.19813032, z: -0.7224073}
  - {x: -0.49295628, y: 0.030123277, z: -0.8660254}
  - {x: 0.50704384, y: 0.030123277, z: -0.8660254}
  - {x: -0.41003823, y: -0.19813032, z: -0.7224073}
  - {x: -0.8271203, y: -0.19813032, z: 0.00000007292494}
  - {x: -0.49295628, y: 0.030123277, z: -0.8660254}
  - {x: -0.8271203, y: -0.19813032, z: 0.00000007292494}
  - {x: -0.99295616, y: 0.030123277, z: 0.00000008742278}
  - {x: -0.49295628, y: 0.030123277, z: -0.8660254}
  - {x: -0.8271203, y: -0.19813032, z: 0.00000007292494}
  - {x: -0.41003823, y: -0.19813032, z: 0.7224074}
  - {x: -0.99295616, y: 0.030123277, z: 0.00000008742278}
  - {x: -0.41003823, y: -0.19813032, z: 0.7224074}
  - {x: -0.49295616, y: 0.030123277, z: 0.8660255}
  - {x: -0.99295616, y: 0.030123277, z: 0.00000008742278}
  - {x: -0.41003823, y: -0.19813032, z: 0.7224074}
  - {x: 0.4241258, y: -0.19813032, z: 0.7224074}
  - {x: -0.49295616, y: 0.030123277, z: 0.8660255}
  - {x: 0.4241258, y: -0.19813032, z: 0.7224074}
  - {x: 0.5070437, y: 0.030123277, z: 0.8660255}
  - {x: -0.49295616, y: 0.030123277, z: 0.8660255}
  - {x: 0.4241258, y: -0.19813032, z: 0.7224074}
  - {x: 0.8412079, y: -0.19813032, z: -0.00000014584988}
  - {x: 0.5070437, y: 0.030123277, z: 0.8660255}
  - {x: 0.8412079, y: -0.19813032, z: -0.00000014584988}
  - {x: 1.0070438, y: 0.030123277, z: -0.00000017484555}
  - {x: 0.5070437, y: 0.030123277, z: 0.8660255}
  - {x: 0.2899618, y: -0.110945195, z: -0.49002826}
  - {x: 0.57287973, y: -0.110945195, z: 0}
  - {x: -0.27587414, y: -0.110945195, z: -0.49002826}
  - {x: 0.2899617, y: -0.110945195, z: 0.49002832}
  - {x: -0.27587414, y: -0.110945195, z: -0.49002826}
  - {x: 0.57287973, y: -0.110945195, z: 0}
  - {x: -0.27587414, y: -0.110945195, z: -0.49002826}
  - {x: 0.2899617, y: -0.110945195, z: 0.49002832}
  - {x: -0.5587921, y: -0.110945195, z: 0.000000049466944}
  - {x: 0.2899617, y: -0.110945195, z: 0.49002832}
  - {x: -0.27587414, y: -0.110945195, z: 0.49002832}
  - {x: -0.5587921, y: -0.110945195, z: 0.000000049466944}
  - {x: 0.57287973, y: -0.110945195, z: 0}
  - {x: 0.2899618, y: 0.17119168, z: -0.49002826}
  - {x: 0.57287973, y: 0.17119168, z: 0}
  - {x: 0.57287973, y: -0.110945195, z: 0}
  - {x: 0.2899618, y: -0.110945195, z: -0.49002826}
  - {x: 0.2899618, y: 0.17119168, z: -0.49002826}
  - {x: -0.27587414, y: 0.17119168, z: -0.49002826}
  - {x: 0.2899618, y: -0.110945195, z: -0.49002826}
  - {x: -0.27587414, y: -0.110945195, z: -0.49002826}
  - {x: -0.27587414, y: 0.17119168, z: -0.49002826}
  - {x: 0.2899618, y: 0.17119168, z: -0.49002826}
  - {x: 0.2899618, y: -0.110945195, z: -0.49002826}
  - {x: -0.27587414, y: -0.110945195, z: -0.49002826}
  - {x: -0.5587921, y: 0.17119168, z: 0.000000049466944}
  - {x: -0.27587414, y: 0.17119168, z: -0.49002826}
  - {x: -0.27587414, y: -0.110945195, z: -0.49002826}
  - {x: -0.5587921, y: -0.110945195, z: 0.000000049466944}
  - {x: -0.5587921, y: 0.17119168, z: 0.000000049466944}
  - {x: -0.5587921, y: -0.110945195, z: 0.000000049466944}
  - {x: -0.27587414, y: 0.17119168, z: 0.49002832}
  - {x: -0.5587921, y: 0.17119168, z: 0.000000049466944}
  - {x: -0.5587921, y: -0.110945195, z: 0.000000049466944}
  - {x: -0.27587414, y: -0.110945195, z: 0.49002832}
  - {x: -0.27587414, y: 0.17119168, z: 0.49002832}
  - {x: 0.2899617, y: 0.17119168, z: 0.49002832}
  - {x: -0.27587414, y: -0.110945195, z: 0.49002832}
  - {x: 0.2899617, y: -0.110945195, z: 0.49002832}
  - {x: 0.2899617, y: 0.17119168, z: 0.49002832}
  - {x: -0.27587414, y: 0.17119168, z: 0.49002832}
  - {x: -0.27587414, y: -0.110945195, z: 0.49002832}
  - {x: 0.2899617, y: -0.110945195, z: 0.49002832}
  - {x: 0.57287973, y: 0.17119168, z: 0}
  - {x: 0.2899617, y: 0.17119168, z: 0.49002832}
  - {x: 0.2899617, y: -0.110945195, z: 0.49002832}
  - {x: 0.57287973, y: -0.110945195, z: 0}
  - {x: 0.57287973, y: 0.17119168, z: 0}
  - {x: 0.78361523, y: 0.03463757, z: -0.8351702}
  - {x: 1.0070438, y: 0.030123277, z: 0}
  - {x: 0.50704384, y: 0.030123277, z: -0.8660254}
  - {x: 0.78361523, y: 0.03463757, z: -0.8351702}
  - {x: 1.1469452, y: 0.03463745, z: -0.2741512}
  - {x: 1.0070438, y: 0.030123277, z: 0}
  - {x: -0.36333036, y: 0.03463745, z: -1.1093212}
  - {x: 0.50704384, y: 0.030123277, z: -0.8660254}
  - {x: -0.49295628, y: 0.030123277, z: -0.8660254}
  - {x: -0.36333036, y: 0.03463745, z: -1.1093212}
  - {x: 0.3633299, y: 0.03463751, z: -1.1093212}
  - {x: 0.50704384, y: 0.030123277, z: -0.8660254}
  - {x: -1.2593019, y: 0.03463751, z: -0.2741511}
  - {x: -0.49295628, y: 0.030123277, z: -0.8660254}
  - {x: -0.99295616, y: 0.030123277, z: 0.00000008742278}
  - {x: -1.2593019, y: 0.03463751, z: -0.2741511}
  - {x: -0.895972, y: 0.03463745, z: -0.83517015}
  - {x: -0.49295628, y: 0.030123277, z: -0.8660254}
  - {x: 1.2593018, y: 0.03463745, z: 0.2741511}
  - {x: 0.5070437, y: 0.030123277, z: 0.8660255}
  - {x: 1.0070438, y: 0.030123277, z: -0.00000017484555}
  - {x: 1.2593018, y: 0.03463745, z: 0.2741511}
  - {x: 0.89597154, y: 0.03463745, z: 0.83517027}
  - {x: 0.5070437, y: 0.030123277, z: 0.8660255}
  - {x: 0.3633299, y: 0.03463745, z: 1.1093215}
  - {x: -0.49295616, y: 0.030123277, z: 0.8660255}
  - {x: 0.5070437, y: 0.030123277, z: 0.8660255}
  - {x: 0.3633299, y: 0.03463745, z: 1.1093215}
  - {x: -0.36333036, y: 0.03463745, z: 1.1093215}
  - {x: -0.49295616, y: 0.030123277, z: 0.8660255}
  - {x: -0.895972, y: 0.031281948, z: 0.83517027}
  - {x: -0.99295616, y: 0.030123277, z: 0.00000008742278}
  - {x: -0.49295616, y: 0.030123277, z: 0.8660255}
  - {x: -0.895972, y: 0.031281948, z: 0.83517027}
  - {x: -1.2593019, y: 0.031281948, z: 0.27415127}
  - {x: -0.99295616, y: 0.030123277, z: 0.00000008742278}
  - {x: -0.99295616, y: 0.030123277, z: 0.00000008742278}
  - {x: -1.2593019, y: 0.031281948, z: 0.27415127}
  - {x: -1.2593019, y: 0.03463751, z: -0.2741511}
  - {x: -0.49295616, y: 0.030123277, z: 0.8660255}
  - {x: -0.36333036, y: 0.03463745, z: 1.1093215}
  - {x: -0.895972, y: 0.031281948, z: 0.83517027}
  - {x: 0.89597154, y: 0.03463745, z: 0.83517027}
  - {x: 0.3633299, y: 0.03463745, z: 1.1093215}
  - {x: 0.5070437, y: 0.030123277, z: 0.8660255}
  - {x: 1.1469452, y: 0.03463745, z: -0.2741512}
  - {x: 1.2593018, y: 0.03463745, z: 0.2741511}
  - {x: 1.0070438, y: 0.030123277, z: -0.00000017484555}
  - {x: 0.3633299, y: 0.03463751, z: -1.1093212}
  - {x: 0.78361523, y: 0.03463757, z: -0.8351702}
  - {x: 0.50704384, y: 0.030123277, z: -0.8660254}
  - {x: -0.895972, y: 0.03463745, z: -0.83517015}
  - {x: -0.36333036, y: 0.03463745, z: -1.1093212}
  - {x: -0.49295628, y: 0.030123277, z: -0.8660254}
  - {x: -0.5587921, y: 0.17119168, z: 0.000000049466944}
  - {x: -0.27587414, y: 0.17119168, z: 0.49002832}
  - {x: 0.2899617, y: 0.17119168, z: 0.49002832}
  - {x: -0.5587921, y: 0.17119168, z: 0.000000049466944}
  - {x: 0.2899617, y: 0.17119168, z: 0.49002832}
  - {x: -0.27587414, y: 0.17119168, z: -0.49002826}
  - {x: 0.57287973, y: 0.17119168, z: 0}
  - {x: -0.27587414, y: 0.17119168, z: -0.49002826}
  - {x: 0.2899617, y: 0.17119168, z: 0.49002832}
  - {x: -0.27587414, y: 0.17119168, z: -0.49002826}
  - {x: 0.57287973, y: 0.17119168, z: 0}
  - {x: 0.2899618, y: 0.17119168, z: -0.49002826}
  - {x: 0.6736391, y: 0.19813061, z: -0.00000003884631}
  - {x: 0.4241259, y: -0.19813032, z: -0.7224073}
  - {x: 0.8412079, y: -0.19813032, z: 0}
  - {x: 0.6736391, y: 0.19813061, z: -0.00000003884631}
  - {x: 0.34034157, y: 0.19813049, z: -0.6187036}
  - {x: 0.4241259, y: -0.19813032, z: -0.7224073}
  - {x: 0.34034157, y: 0.19813049, z: -0.6187036}
  - {x: -0.41003823, y: -0.19813032, z: -0.7224073}
  - {x: 0.4241259, y: -0.19813032, z: -0.7224073}
  - {x: 0.34034157, y: 0.19813049, z: -0.6187036}
  - {x: -0.32625377, y: 0.19813037, z: -0.6187036}
  - {x: -0.41003823, y: -0.19813032, z: -0.7224073}
  - {x: -0.32625377, y: 0.19813037, z: -0.6187036}
  - {x: -0.8271203, y: -0.19813032, z: 0.00000007292494}
  - {x: -0.41003823, y: -0.19813032, z: -0.7224073}
  - {x: -0.32625377, y: 0.19813037, z: -0.6187036}
  - {x: -0.6595516, y: 0.19813061, z: 0.00000006342253}
  - {x: -0.8271203, y: -0.19813032, z: 0.00000007292494}
  - {x: -0.6595516, y: 0.19813061, z: 0.00000006342253}
  - {x: -0.41003823, y: -0.19813032, z: 0.7224074}
  - {x: -0.8271203, y: -0.19813032, z: 0.00000007292494}
  - {x: -0.6595516, y: 0.19813061, z: 0.00000006342253}
  - {x: -0.32625377, y: 0.19813061, z: 0.6187038}
  - {x: -0.41003823, y: -0.19813032, z: 0.7224074}
  - {x: -0.32625377, y: 0.19813061, z: 0.6187038}
  - {x: 0.4241258, y: -0.19813032, z: 0.7224074}
  - {x: -0.41003823, y: -0.19813032, z: 0.7224074}
  - {x: -0.32625377, y: 0.19813061, z: 0.6187038}
  - {x: 0.34034145, y: 0.19813061, z: 0.61870384}
  - {x: 0.4241258, y: -0.19813032, z: 0.7224074}
  - {x: 0.34034145, y: 0.19813061, z: 0.61870384}
  - {x: 0.8412079, y: -0.19813032, z: -0.00000014584988}
  - {x: 0.4241258, y: -0.19813032, z: 0.7224074}
  - {x: 0.34034145, y: 0.19813061, z: 0.61870384}
  - {x: 0.6736391, y: 0.19813061, z: -0.00000003884631}
  - {x: 0.8412079, y: -0.19813032, z: -0.00000014584988}
  _uv:
  - {x: 0, y: -0.22825356}
  - {x: -0.7224073, y: -0.22825356}
  - {x: 0, y: 0.000000041962934}
  - {x: -0.7224073, y: -0.22825356}
  - {x: -0.8660254, y: 0.000000041962934}
  - {x: 0, y: 0.000000041962934}
  - {x: 0.41708204, y: -0.22825356}
  - {x: -0.41708213, y: -0.22825356}
  - {x: 0.5, y: 0.000000041962934}
  - {x: -0.41708213, y: -0.22825356}
  - {x: -0.5000001, y: 0.000000041962934}
  - {x: 0.5, y: 0.000000041962934}
  - {x: 0.7224073, y: -0.22825356}
  - {x: -0.00000007292494, y: -0.22825356}
  - {x: 0.8660254, y: 0.000000041962934}
  - {x: -0.00000007292494, y: -0.22825356}
  - {x: -0.00000008742278, y: 0.000000041962934}
  - {x: 0.8660254, y: 0.000000041962934}
  - {x: -0.00000007292494, y: -0.22825356}
  - {x: -0.7224074, y: -0.22825356}
  - {x: -0.00000008742278, y: 0.000000041962934}
  - {x: -0.7224074, y: -0.22825356}
  - {x: -0.8660255, y: 0.000000041962934}
  - {x: -0.00000008742278, y: 0.000000041962934}
  - {x: 0.41708204, y: -0.22825356}
  - {x: -0.41708195, y: -0.22825356}
  - {x: 0.5, y: 0.000000041962934}
  - {x: -0.41708195, y: -0.22825356}
  - {x: -0.49999988, y: 0.000000041962934}
  - {x: 0.5, y: 0.000000041962934}
  - {x: 0.7224074, y: -0.22825356}
  - {x: -0.00000014584988, y: -0.22825356}
  - {x: 0.8660255, y: 0.000000041962934}
  - {x: -0.00000014584988, y: -0.22825356}
  - {x: -0.00000017484555, y: 0.000000041962934}
  - {x: 0.8660255, y: 0.000000041962934}
  - {x: -0.2899618, y: -0.49002826}
  - {x: -0.57287973, y: 0}
  - {x: 0.27587414, y: -0.49002826}
  - {x: -0.2899617, y: 0.49002832}
  - {x: 0.27587414, y: -0.49002826}
  - {x: -0.57287973, y: 0}
  - {x: 0.27587414, y: -0.49002826}
  - {x: -0.2899617, y: 0.49002832}
  - {x: 0.5587921, y: 0.000000049466944}
  - {x: -0.2899617, y: 0.49002832}
  - {x: 0.27587414, y: 0.49002832}
  - {x: 0.5587921, y: 0.000000049466944}
  - {x: 0.28643984, y: -0.110945195}
  - {x: -0.27939606, y: 0.17119168}
  - {x: 0.28643984, y: 0.17119168}
  - {x: 0.28643984, y: -0.110945195}
  - {x: -0.27939606, y: -0.110945195}
  - {x: -0.27939606, y: 0.17119168}
  - {x: -0.27587414, y: 0.17119168}
  - {x: 0.2899618, y: -0.110945195}
  - {x: -0.27587414, y: -0.110945195}
  - {x: -0.27587414, y: 0.17119168}
  - {x: 0.2899618, y: 0.17119168}
  - {x: 0.2899618, y: -0.110945195}
  - {x: 0.28643984, y: -0.110945195}
  - {x: -0.2793961, y: 0.17119168}
  - {x: 0.28643984, y: 0.17119168}
  - {x: 0.28643984, y: -0.110945195}
  - {x: -0.2793961, y: -0.110945195}
  - {x: -0.2793961, y: 0.17119168}
  - {x: 0.27939606, y: -0.110945195}
  - {x: -0.2864399, y: 0.17119168}
  - {x: 0.27939606, y: 0.17119168}
  - {x: 0.27939606, y: -0.110945195}
  - {x: -0.2864399, y: -0.110945195}
  - {x: -0.2864399, y: 0.17119168}
  - {x: -0.2899617, y: 0.17119168}
  - {x: 0.27587414, y: -0.110945195}
  - {x: -0.2899617, y: -0.110945195}
  - {x: -0.2899617, y: 0.17119168}
  - {x: 0.27587414, y: 0.17119168}
  - {x: 0.27587414, y: -0.110945195}
  - {x: 0.27939606, y: -0.110945195}
  - {x: -0.28643993, y: 0.17119168}
  - {x: 0.27939606, y: 0.17119168}
  - {x: 0.27939606, y: -0.110945195}
  - {x: -0.28643993, y: -0.110945195}
  - {x: -0.28643993, y: 0.17119168}
  - {x: -0.78410023, y: -0.835339}
  - {x: -1.0074161, y: -0.00012640844}
  - {x: -0.5074922, y: -0.86619574}
  - {x: -0.78402853, y: -0.8353511}
  - {x: -1.1473218, y: -0.27430832}
  - {x: -1.0073704, y: -0.00014550227}
  - {x: 0.36333036, y: -1.1097729}
  - {x: -0.50704384, y: -0.86643517}
  - {x: 0.49295628, y: -0.86643517}
  - {x: 0.36333036, y: -1.1097729}
  - {x: -0.3633299, y: -1.1097729}
  - {x: -0.50704384, y: -0.86643517}
  - {x: 1.259599, y: -0.27427635}
  - {x: 0.49324864, y: -0.8661618}
  - {x: 0.99322027, y: -0.000119996555}
  - {x: 1.2596227, y: -0.27429417}
  - {x: 0.89631796, y: -0.8353296}
  - {x: 0.49327704, y: -0.8661857}
  - {x: -1.2596065, y: 0.27427754}
  - {x: -0.5073443, y: 0.86616385}
  - {x: -1.0073142, y: 0.00012074542}
  - {x: -1.2596314, y: 0.27429482}
  - {x: -0.8963283, y: 0.8353317}
  - {x: -0.50737435, y: 0.8661879}
  - {x: -0.3633299, y: 1.1097732}
  - {x: 0.49295616, y: 0.8664353}
  - {x: -0.5070437, y: 0.8664353}
  - {x: -0.3633299, y: 1.1097732}
  - {x: 0.36333036, y: 1.1097732}
  - {x: 0.49295616, y: 0.8664353}
  - {x: 0.8960621, y: 0.83521867}
  - {x: 0.9930423, y: 0.00004721346}
  - {x: 0.49304453, y: 0.86607397}
  - {x: 0.89605063, y: 0.835218}
  - {x: 1.2593793, y: 0.2741982}
  - {x: 0.99303144, y: 0.000046627876}
  - {x: 0.9932206, y: -0.00011953358}
  - {x: 1.2595637, y: 0.2740368}
  - {x: 1.2595993, y: -0.27427587}
  - {x: 0.49308613, y: 0.86642015}
  - {x: 0.36348185, y: 1.1097695}
  - {x: 0.89610314, y: 0.8355581}
  - {x: -0.8963624, y: 0.83546907}
  - {x: -0.36377093, y: 1.1097177}
  - {x: -0.5074093, y: 0.8663353}
  - {x: -1.1474386, y: -0.27418697}
  - {x: -1.2597654, y: 0.27412143}
  - {x: -1.0074704, y: -0.000032892618}
  - {x: -0.36394137, y: -1.1096452}
  - {x: -0.78414524, y: -0.83536947}
  - {x: -0.5075386, y: -0.8662387}
  - {x: 0.8963502, y: -0.8354812}
  - {x: 0.36375466, y: -1.1097219}
  - {x: 0.49330994, y: -0.86634654}
  - {x: -0.5587921, y: 0.000000049466944}
  - {x: -0.27587414, y: 0.49002832}
  - {x: 0.2899617, y: 0.49002832}
  - {x: -0.5587921, y: 0.000000049466944}
  - {x: 0.2899617, y: 0.49002832}
  - {x: -0.27587414, y: -0.49002826}
  - {x: 0.57287973, y: 0}
  - {x: -0.27587414, y: -0.49002826}
  - {x: 0.2899617, y: 0.49002832}
  - {x: -0.27587414, y: -0.49002826}
  - {x: 0.57287973, y: 0}
  - {x: 0.2899618, y: -0.49002826}
  - {x: -0.3368195, y: -0.014571776}
  - {x: 0.4135601, y: -0.43656963}
  - {x: -0.42060393, y: -0.43656963}
  - {x: -0.31948328, y: 0.013491323}
  - {x: 0.38328364, y: 0.013491187}
  - {x: 0.43484655, y: -0.4014042}
  - {x: -0.34034157, y: 0.035032444}
  - {x: 0.41003823, y: -0.3745736}
  - {x: -0.4241259, y: -0.3745736}
  - {x: -0.3403416, y: 0.035032433}
  - {x: 0.32625374, y: 0.035032306}
  - {x: 0.4100382, y: -0.37457362}
  - {x: -0.37268615, y: 0.011732128}
  - {x: 0.41356018, y: -0.40359995}
  - {x: -0.42060393, y: -0.40359992}
  - {x: -0.3899648, y: -0.016909525}
  - {x: 0.31280237, y: -0.01690926}
  - {x: 0.39227435, y: -0.43974045}
  - {x: -0.32977575, y: -0.010376225}
  - {x: 0.42060402, y: -0.43237406}
  - {x: -0.4135601, y: -0.43237406}
  - {x: -0.31280217, y: 0.017166447}
  - {x: 0.38996506, y: 0.017166445}
  - {x: 0.44152784, y: -0.39772907}
  - {x: -0.32625377, y: 0.035032656}
  - {x: 0.4241258, y: -0.37457347}
  - {x: -0.41003823, y: -0.37457347}
  - {x: -0.3262537, y: 0.03503277}
  - {x: 0.3403415, y: 0.03503277}
  - {x: 0.42412585, y: -0.37457335}
  - {x: -0.36564255, y: 0.008078141}
  - {x: 0.42060408, y: -0.4072541}
  - {x: -0.4135603, y: -0.40725413}
  - {x: -0.38328406, y: -0.021236615}
  - {x: 0.31948322, y: -0.02123663}
  - {x: 0.39895526, y: -0.44406787}
  _uv3:
  - {x: 0, y: 0, z: 0, w: 0}
  - {x: 0, y: 0, z: 0, w: 0}
  - {x: 0, y: 0, z: 0, w: 0}
  - {x: 0, y: 0, z: 0, w: 0}
  - {x: 0, y: 0, z: 0, w: 0}
  - {x: 0, y: 0, z: 0, w: 0}
  - {x: 0, y: 0, z: 0, w: 0}
  - {x: 0, y: 0, z: 0, w: 0}
  - {x: 0, y: 0, z: 0, w: 0}
  - {x: 0, y: 0, z: 0, w: 0}
  - {x: 0, y: 0, z: 0, w: 0}
  - {x: 0, y: 0, z: 0, w: 0}
  - {x: 0, y: 0, z: 0, w: 0}
  - {x: 0, y: 0, z: 0, w: 0}
  - {x: 0, y: 0, z: 0, w: 0}
  - {x: 0, y: 0, z: 0, w: 0}
  - {x: 0, y: 0, z: 0, w: 0}
  - {x: 0, y: 0, z: 0, w: 0}
  - {x: 0, y: 0, z: 0, w: 0}
  - {x: 0, y: 0, z: 0, w: 0}
  - {x: 0, y: 0, z: 0, w: 0}
  - {x: 0, y: 0, z: 0, w: 0}
  - {x: 0, y: 0, z: 0, w: 0}
  - {x: 0, y: 0, z: 0, w: 0}
  - {x: 0, y: 0, z: 0, w: 0}
  - {x: 0, y: 0, z: 0, w: 0}
  - {x: 0, y: 0, z: 0, w: 0}
  - {x: 0, y: 0, z: 0, w: 0}
  - {x: 0, y: 0, z: 0, w: 0}
  - {x: 0, y: 0, z: 0, w: 0}
  - {x: 0, y: 0, z: 0, w: 0}
  - {x: 0, y: 0, z: 0, w: 0}
  - {x: 0, y: 0, z: 0, w: 0}
  - {x: 0, y: 0, z: 0, w: 0}
  - {x: 0, y: 0, z: 0, w: 0}
  - {x: 0, y: 0, z: 0, w: 0}
  - {x: 0, y: 0, z: 0, w: 0}
  - {x: 0, y: 0, z: 0, w: 0}
  - {x: 0, y: 0, z: 0, w: 0}
  - {x: 0, y: 0, z: 0, w: 0}
  - {x: 0, y: 0, z: 0, w: 0}
  - {x: 0, y: 0, z: 0, w: 0}
  - {x: 0, y: 0, z: 0, w: 0}
  - {x: 0, y: 0, z: 0, w: 0}
  - {x: 0, y: 0, z: 0, w: 0}
  - {x: 0, y: 0, z: 0, w: 0}
  - {x: 0, y: 0, z: 0, w: 0}
  - {x: 0, y: 0, z: 0, w: 0}
  - {x: 0, y: 0, z: 0, w: 0}
  - {x: 0, y: 0, z: 0, w: 0}
  - {x: 0, y: 0, z: 0, w: 0}
  - {x: 0, y: 0, z: 0, w: 0}
  - {x: 0, y: 0, z: 0, w: 0}
  - {x: 0, y: 0, z: 0, w: 0}
  - {x: 0, y: 0, z: 0, w: 0}
  - {x: 0, y: 0, z: 0, w: 0}
  - {x: 0, y: 0, z: 0, w: 0}
  - {x: 0, y: 0, z: 0, w: 0}
  - {x: 0, y: 0, z: 0, w: 0}
  - {x: 0, y: 0, z: 0, w: 0}
  - {x: 0, y: 0, z: 0, w: 0}
  - {x: 0, y: 0, z: 0, w: 0}
  - {x: 0, y: 0, z: 0, w: 0}
  - {x: 0, y: 0, z: 0, w: 0}
  - {x: 0, y: 0, z: 0, w: 0}
  - {x: 0, y: 0, z: 0, w: 0}
  - {x: 0, y: 0, z: 0, w: 0}
  - {x: 0, y: 0, z: 0, w: 0}
  - {x: 0, y: 0, z: 0, w: 0}
  - {x: 0, y: 0, z: 0, w: 0}
  - {x: 0, y: 0, z: 0, w: 0}
  - {x: 0, y: 0, z: 0, w: 0}
  - {x: 0, y: 0, z: 0, w: 0}
  - {x: 0, y: 0, z: 0, w: 0}
  - {x: 0, y: 0, z: 0, w: 0}
  - {x: 0, y: 0, z: 0, w: 0}
  - {x: 0, y: 0, z: 0, w: 0}
  - {x: 0, y: 0, z: 0, w: 0}
  - {x: 0, y: 0, z: 0, w: 0}
  - {x: 0, y: 0, z: 0, w: 0}
  - {x: 0, y: 0, z: 0, w: 0}
  - {x: 0, y: 0, z: 0, w: 0}
  - {x: 0, y: 0, z: 0, w: 0}
  - {x: 0, y: 0, z: 0, w: 0}
  - {x: 0, y: 0, z: 0, w: 0}
  - {x: 0, y: 0, z: 0, w: 0}
  - {x: 0, y: 0, z: 0, w: 0}
  - {x: 0, y: 0, z: 0, w: 0}
  - {x: 0, y: 0, z: 0, w: 0}
  - {x: 0, y: 0, z: 0, w: 0}
  - {x: 0, y: 0, z: 0, w: 0}
  - {x: 0, y: 0, z: 0, w: 0}
  - {x: 0, y: 0, z: 0, w: 0}
  - {x: 0, y: 0, z: 0, w: 0}
  - {x: 0, y: 0, z: 0, w: 0}
  - {x: 0, y: 0, z: 0, w: 0}
  - {x: 0, y: 0, z: 0, w: 0}
  - {x: 0, y: 0, z: 0, w: 0}
  - {x: 0, y: 0, z: 0, w: 0}
  - {x: 0, y: 0, z: 0, w: 0}
  - {x: 0, y: 0, z: 0, w: 0}
  - {x: 0, y: 0, z: 0, w: 0}
  - {x: 0, y: 0, z: 0, w: 0}
  - {x: 0, y: 0, z: 0, w: 0}
  - {x: 0, y: 0, z: 0, w: 0}
  - {x: 0, y: 0, z: 0, w: 0}
  - {x: 0, y: 0, z: 0, w: 0}
  - {x: 0, y: 0, z: 0, w: 0}
  - {x: 0, y: 0, z: 0, w: 0}
  - {x: 0, y: 0, z: 0, w: 0}
  - {x: 0, y: 0, z: 0, w: 0}
  - {x: 0, y: 0, z: 0, w: 0}
  - {x: 0, y: 0, z: 0, w: 0}
  - {x: 0, y: 0, z: 0, w: 0}
  - {x: 0, y: 0, z: 0, w: 0}
  - {x: 0, y: 0, z: 0, w: 0}
  - {x: 0, y: 0, z: 0, w: 0}
  - {x: 0, y: 0, z: 0, w: 0}
  - {x: 0, y: 0, z: 0, w: 0}
  - {x: 0, y: 0, z: 0, w: 0}
  - {x: 0, y: 0, z: 0, w: 0}
  - {x: 0, y: 0, z: 0, w: 0}
  - {x: 0, y: 0, z: 0, w: 0}
  - {x: 0, y: 0, z: 0, w: 0}
  - {x: 0, y: 0, z: 0, w: 0}
  - {x: 0, y: 0, z: 0, w: 0}
  - {x: 0, y: 0, z: 0, w: 0}
  - {x: 0, y: 0, z: 0, w: 0}
  - {x: 0, y: 0, z: 0, w: 0}
  - {x: 0, y: 0, z: 0, w: 0}
  - {x: 0, y: 0, z: 0, w: 0}
  - {x: 0, y: 0, z: 0, w: 0}
  - {x: 0, y: 0, z: 0, w: 0}
  - {x: 0, y: 0, z: 0, w: 0}
  - {x: 0, y: 0, z: 0, w: 0}
  - {x: 0, y: 0, z: 0, w: 0}
  - {x: 0, y: 0, z: 0, w: 0}
  - {x: 0, y: 0, z: 0, w: 0}
  - {x: 0, y: 0, z: 0, w: 0}
  - {x: 0, y: 0, z: 0, w: 0}
  - {x: 0, y: 0, z: 0, w: 0}
  - {x: 0, y: 0, z: 0, w: 0}
  - {x: 0, y: 0, z: 0, w: 0}
  - {x: 0, y: 0, z: 0, w: 0}
  - {x: 0, y: 0, z: 0, w: 0}
  - {x: 0, y: 0, z: 0, w: 0}
  - {x: 0, y: 0, z: 0, w: 0}
  - {x: 0, y: 0, z: 0, w: 0}
  - {x: 0, y: 0, z: 0, w: 0}
  - {x: 0, y: 0, z: 0, w: 0}
  - {x: 0, y: 0, z: 0, w: 0}
  - {x: 0, y: 0, z: 0, w: 0}
  - {x: 0, y: 0, z: 0, w: 0}
  - {x: 0, y: 0, z: 0, w: 0}
  - {x: 0, y: 0, z: 0, w: 0}
  - {x: 0, y: 0, z: 0, w: 0}
  - {x: 0, y: 0, z: 0, w: 0}
  - {x: 0, y: 0, z: 0, w: 0}
  - {x: 0, y: 0, z: 0, w: 0}
  - {x: 0, y: 0, z: 0, w: 0}
  - {x: 0, y: 0, z: 0, w: 0}
  - {x: 0, y: 0, z: 0, w: 0}
  - {x: 0, y: 0, z: 0, w: 0}
  - {x: 0, y: 0, z: 0, w: 0}
  - {x: 0, y: 0, z: 0, w: 0}
  - {x: 0, y: 0, z: 0, w: 0}
  - {x: 0, y: 0, z: 0, w: 0}
  - {x: 0, y: 0, z: 0, w: 0}
  - {x: 0, y: 0, z: 0, w: 0}
  - {x: 0, y: 0, z: 0, w: 0}
  - {x: 0, y: 0, z: 0, w: 0}
  - {x: 0, y: 0, z: 0, w: 0}
  - {x: 0, y: 0, z: 0, w: 0}
  - {x: 0, y: 0, z: 0, w: 0}
  - {x: 0, y: 0, z: 0, w: 0}
  - {x: 0, y: 0, z: 0, w: 0}
  - {x: 0, y: 0, z: 0, w: 0}
  - {x: 0, y: 0, z: 0, w: 0}
  - {x: 0, y: 0, z: 0, w: 0}
  - {x: 0, y: 0, z: 0, w: 0}
  - {x: 0, y: 0, z: 0, w: 0}
  - {x: 0, y: 0, z: 0, w: 0}
  - {x: 0, y: 0, z: 0, w: 0}
  - {x: 0, y: 0, z: 0, w: 0}
  - {x: 0, y: 0, z: 0, w: 0}
  - {x: 0, y: 0, z: 0, w: 0}
  - {x: 0, y: 0, z: 0, w: 0}
  - {x: 0, y: 0, z: 0, w: 0}
  - {x: 0, y: 0, z: 0, w: 0}
  - {x: 0, y: 0, z: 0, w: 0}
  - {x: 0, y: 0, z: 0, w: 0}
  - {x: 0, y: 0, z: 0, w: 0}
  - {x: 0, y: 0, z: 0, w: 0}
  - {x: 0, y: 0, z: 0, w: 0}
  - {x: 0, y: 0, z: 0, w: 0}
  - {x: 0, y: 0, z: 0, w: 0}
  - {x: 0, y: 0, z: 0, w: 0}
  - {x: 0, y: 0, z: 0, w: 0}
  - {x: 0, y: 0, z: 0, w: 0}
  - {x: 0, y: 0, z: 0, w: 0}
  - {x: 0, y: 0, z: 0, w: 0}
  - {x: 0, y: 0, z: 0, w: 0}
  - {x: 0, y: 0, z: 0, w: 0}
  - {x: 0, y: 0, z: 0, w: 0}
  - {x: 0, y: 0, z: 0, w: 0}
  - {x: 0, y: 0, z: 0, w: 0}
  - {x: 0, y: 0, z: 0, w: 0}
  - {x: 0, y: 0, z: 0, w: 0}
  - {x: 0, y: 0, z: 0, w: 0}
  - {x: 0, y: 0, z: 0, w: 0}
  - {x: 0, y: 0, z: 0, w: 0}
  - {x: 0, y: 0, z: 0, w: 0}
  - {x: 0, y: 0, z: 0, w: 0}
  - {x: 0, y: 0, z: 0, w: 0}
  - {x: 0, y: 0, z: 0, w: 0}
  - {x: 0, y: 0, z: 0, w: 0}
  - {x: 0, y: 0, z: 0, w: 0}
  - {x: 0, y: 0, z: 0, w: 0}
  - {x: 0, y: 0, z: 0, w: 0}
  - {x: 0, y: 0, z: 0, w: 0}
  - {x: 0, y: 0, z: 0, w: 0}
  - {x: 0, y: 0, z: 0, w: 0}
  - {x: 0, y: 0, z: 0, w: 0}
  - {x: 0, y: 0, z: 0, w: 0}
  - {x: 0, y: 0, z: 0, w: 0}
  - {x: 0, y: 0, z: 0, w: 0}
  - {x: 0, y: 0, z: 0, w: 0}
  - {x: 0, y: 0, z: 0, w: 0}
  - {x: 0, y: 0, z: 0, w: 0}
  - {x: 0, y: 0, z: 0, w: 0}
  - {x: 0, y: 0, z: 0, w: 0}
  - {x: 0, y: 0, z: 0, w: 0}
  - {x: 0, y: 0, z: 0, w: 0}
  - {x: 0, y: 0, z: 0, w: 0}
  - {x: 0, y: 0, z: 0, w: 0}
  - {x: 0, y: 0, z: 0, w: 0}
  - {x: 0, y: 0, z: 0, w: 0}
  - {x: 0, y: 0, z: 0, w: 0}
  - {x: 0, y: 0, z: 0, w: 0}
  - {x: 0, y: 0, z: 0, w: 0}
  - {x: 0, y: 0, z: 0, w: 0}
  - {x: 0, y: 0, z: 0, w: 0}
  - {x: 0, y: 0, z: 0, w: 0}
  - {x: 0, y: 0, z: 0, w: 0}
  - {x: 0, y: 0, z: 0, w: 0}
  - {x: 0, y: 0, z: 0, w: 0}
  - {x: 0, y: 0, z: 0, w: 0}
  - {x: 0, y: 0, z: 0, w: 0}
  - {x: 0, y: 0, z: 0, w: 0}
  - {x: 0, y: 0, z: 0, w: 0}
  - {x: 0, y: 0, z: 0, w: 0}
  - {x: 0, y: 0, z: 0, w: 0}
  - {x: 0, y: 0, z: 0, w: 0}
  - {x: 0, y: 0, z: 0, w: 0}
  - {x: 0, y: 0, z: 0, w: 0}
  - {x: 0, y: 0, z: 0, w: 0}
  - {x: 0, y: 0, z: 0, w: 0}
  - {x: 0, y: 0, z: 0, w: 0}
  - {x: 0, y: 0, z: 0, w: 0}
  - {x: 0, y: 0, z: 0, w: 0}
  - {x: 0, y: 0, z: 0, w: 0}
  - {x: 0, y: 0, z: 0, w: 0}
  - {x: 0, y: 0, z: 0, w: 0}
  - {x: 0, y: 0, z: 0, w: 0}
  - {x: 0, y: 0, z: 0, w: 0}
  - {x: 0, y: 0, z: 0, w: 0}
  - {x: 0, y: 0, z: 0, w: 0}
  - {x: 0, y: 0, z: 0, w: 0}
  - {x: 0, y: 0, z: 0, w: 0}
  - {x: 0, y: 0, z: 0, w: 0}
  - {x: 0, y: 0, z: 0, w: 0}
  - {x: 0, y: 0, z: 0, w: 0}
  - {x: 0, y: 0, z: 0, w: 0}
  - {x: 0, y: 0, z: 0, w: 0}
  - {x: 0, y: 0, z: 0, w: 0}
  - {x: 0, y: 0, z: 0, w: 0}
  - {x: 0, y: 0, z: 0, w: 0}
  - {x: 0, y: 0, z: 0, w: 0}
  - {x: 0, y: 0, z: 0, w: 0}
  - {x: 0, y: 0, z: 0, w: 0}
  - {x: 0, y: 0, z: 0, w: 0}
  - {x: 0, y: 0, z: 0, w: 0}
  - {x: 0, y: 0, z: 0, w: 0}
  - {x: 0, y: 0, z: 0, w: 0}
  - {x: 0, y: 0, z: 0, w: 0}
  - {x: 0, y: 0, z: 0, w: 0}
  - {x: 0, y: 0, z: 0, w: 0}
  - {x: 0, y: 0, z: 0, w: 0}
  - {x: 0, y: 0, z: 0, w: 0}
  - {x: 0, y: 0, z: 0, w: 0}
  - {x: 0, y: 0, z: 0, w: 0}
  - {x: 0, y: 0, z: 0, w: 0}
  - {x: 0, y: 0, z: 0, w: 0}
  - {x: 0, y: 0, z: 0, w: 0}
  - {x: 0, y: 0, z: 0, w: 0}
  - {x: 0, y: 0, z: 0, w: 0}
  - {x: 0, y: 0, z: 0, w: 0}
  - {x: 0, y: 0, z: 0, w: 0}
  - {x: 0, y: 0, z: 0, w: 0}
  - {x: 0, y: 0, z: 0, w: 0}
  - {x: 0, y: 0, z: 0, w: 0}
  - {x: 0, y: 0, z: 0, w: 0}
  - {x: 0, y: 0, z: 0, w: 0}
  - {x: 0, y: 0, z: 0, w: 0}
  - {x: 0, y: 0, z: 0, w: 0}
  - {x: 0, y: 0, z: 0, w: 0}
  - {x: 0, y: 0, z: 0, w: 0}
  - {x: 0, y: 0, z: 0, w: 0}
  - {x: 0, y: 0, z: 0, w: 0}
  - {x: 0, y: 0, z: 0, w: 0}
  - {x: 0, y: 0, z: 0, w: 0}
  - {x: 0, y: 0, z: 0, w: 0}
  _uv4:
  - {x: 0, y: 0, z: 0, w: 0}
  - {x: 0, y: 0, z: 0, w: 0}
  - {x: 0, y: 0, z: 0, w: 0}
  - {x: 0, y: 0, z: 0, w: 0}
  - {x: 0, y: 0, z: 0, w: 0}
  - {x: 0, y: 0, z: 0, w: 0}
  - {x: 0, y: 0, z: 0, w: 0}
  - {x: 0, y: 0, z: 0, w: 0}
  - {x: 0, y: 0, z: 0, w: 0}
  - {x: 0, y: 0, z: 0, w: 0}
  - {x: 0, y: 0, z: 0, w: 0}
  - {x: 0, y: 0, z: 0, w: 0}
  - {x: 0, y: 0, z: 0, w: 0}
  - {x: 0, y: 0, z: 0, w: 0}
  - {x: 0, y: 0, z: 0, w: 0}
  - {x: 0, y: 0, z: 0, w: 0}
  - {x: 0, y: 0, z: 0, w: 0}
  - {x: 0, y: 0, z: 0, w: 0}
  - {x: 0, y: 0, z: 0, w: 0}
  - {x: 0, y: 0, z: 0, w: 0}
  - {x: 0, y: 0, z: 0, w: 0}
  - {x: 0, y: 0, z: 0, w: 0}
  - {x: 0, y: 0, z: 0, w: 0}
  - {x: 0, y: 0, z: 0, w: 0}
  - {x: 0, y: 0, z: 0, w: 0}
  - {x: 0, y: 0, z: 0, w: 0}
  - {x: 0, y: 0, z: 0, w: 0}
  - {x: 0, y: 0, z: 0, w: 0}
  - {x: 0, y: 0, z: 0, w: 0}
  - {x: 0, y: 0, z: 0, w: 0}
  - {x: 0, y: 0, z: 0, w: 0}
  - {x: 0, y: 0, z: 0, w: 0}
  - {x: 0, y: 0, z: 0, w: 0}
  - {x: 0, y: 0, z: 0, w: 0}
  - {x: 0, y: 0, z: 0, w: 0}
  - {x: 0, y: 0, z: 0, w: 0}
  - {x: 0, y: 0, z: 0, w: 0}
  - {x: 0, y: 0, z: 0, w: 0}
  - {x: 0, y: 0, z: 0, w: 0}
  - {x: 0, y: 0, z: 0, w: 0}
  - {x: 0, y: 0, z: 0, w: 0}
  - {x: 0, y: 0, z: 0, w: 0}
  - {x: 0, y: 0, z: 0, w: 0}
  - {x: 0, y: 0, z: 0, w: 0}
  - {x: 0, y: 0, z: 0, w: 0}
  - {x: 0, y: 0, z: 0, w: 0}
  - {x: 0, y: 0, z: 0, w: 0}
  - {x: 0, y: 0, z: 0, w: 0}
  - {x: 0, y: 0, z: 0, w: 0}
  - {x: 0, y: 0, z: 0, w: 0}
  - {x: 0, y: 0, z: 0, w: 0}
  - {x: 0, y: 0, z: 0, w: 0}
  - {x: 0, y: 0, z: 0, w: 0}
  - {x: 0, y: 0, z: 0, w: 0}
  - {x: 0, y: 0, z: 0, w: 0}
  - {x: 0, y: 0, z: 0, w: 0}
  - {x: 0, y: 0, z: 0, w: 0}
  - {x: 0, y: 0, z: 0, w: 0}
  - {x: 0, y: 0, z: 0, w: 0}
  - {x: 0, y: 0, z: 0, w: 0}
  - {x: 0, y: 0, z: 0, w: 0}
  - {x: 0, y: 0, z: 0, w: 0}
  - {x: 0, y: 0, z: 0, w: 0}
  - {x: 0, y: 0, z: 0, w: 0}
  - {x: 0, y: 0, z: 0, w: 0}
  - {x: 0, y: 0, z: 0, w: 0}
  - {x: 0, y: 0, z: 0, w: 0}
  - {x: 0, y: 0, z: 0, w: 0}
  - {x: 0, y: 0, z: 0, w: 0}
  - {x: 0, y: 0, z: 0, w: 0}
  - {x: 0, y: 0, z: 0, w: 0}
  - {x: 0, y: 0, z: 0, w: 0}
  - {x: 0, y: 0, z: 0, w: 0}
  - {x: 0, y: 0, z: 0, w: 0}
  - {x: 0, y: 0, z: 0, w: 0}
  - {x: 0, y: 0, z: 0, w: 0}
  - {x: 0, y: 0, z: 0, w: 0}
  - {x: 0, y: 0, z: 0, w: 0}
  - {x: 0, y: 0, z: 0, w: 0}
  - {x: 0, y: 0, z: 0, w: 0}
  - {x: 0, y: 0, z: 0, w: 0}
  - {x: 0, y: 0, z: 0, w: 0}
  - {x: 0, y: 0, z: 0, w: 0}
  - {x: 0, y: 0, z: 0, w: 0}
  - {x: 0, y: 0, z: 0, w: 0}
  - {x: 0, y: 0, z: 0, w: 0}
  - {x: 0, y: 0, z: 0, w: 0}
  - {x: 0, y: 0, z: 0, w: 0}
  - {x: 0, y: 0, z: 0, w: 0}
  - {x: 0, y: 0, z: 0, w: 0}
  - {x: 0, y: 0, z: 0, w: 0}
  - {x: 0, y: 0, z: 0, w: 0}
  - {x: 0, y: 0, z: 0, w: 0}
  - {x: 0, y: 0, z: 0, w: 0}
  - {x: 0, y: 0, z: 0, w: 0}
  - {x: 0, y: 0, z: 0, w: 0}
  - {x: 0, y: 0, z: 0, w: 0}
  - {x: 0, y: 0, z: 0, w: 0}
  - {x: 0, y: 0, z: 0, w: 0}
  - {x: 0, y: 0, z: 0, w: 0}
  - {x: 0, y: 0, z: 0, w: 0}
  - {x: 0, y: 0, z: 0, w: 0}
  - {x: 0, y: 0, z: 0, w: 0}
  - {x: 0, y: 0, z: 0, w: 0}
  - {x: 0, y: 0, z: 0, w: 0}
  - {x: 0, y: 0, z: 0, w: 0}
  - {x: 0, y: 0, z: 0, w: 0}
  - {x: 0, y: 0, z: 0, w: 0}
  - {x: 0, y: 0, z: 0, w: 0}
  - {x: 0, y: 0, z: 0, w: 0}
  - {x: 0, y: 0, z: 0, w: 0}
  - {x: 0, y: 0, z: 0, w: 0}
  - {x: 0, y: 0, z: 0, w: 0}
  - {x: 0, y: 0, z: 0, w: 0}
  - {x: 0, y: 0, z: 0, w: 0}
  - {x: 0, y: 0, z: 0, w: 0}
  - {x: 0, y: 0, z: 0, w: 0}
  - {x: 0, y: 0, z: 0, w: 0}
  - {x: 0, y: 0, z: 0, w: 0}
  - {x: 0, y: 0, z: 0, w: 0}
  - {x: 0, y: 0, z: 0, w: 0}
  - {x: 0, y: 0, z: 0, w: 0}
  - {x: 0, y: 0, z: 0, w: 0}
  - {x: 0, y: 0, z: 0, w: 0}
  - {x: 0, y: 0, z: 0, w: 0}
  - {x: 0, y: 0, z: 0, w: 0}
  - {x: 0, y: 0, z: 0, w: 0}
  - {x: 0, y: 0, z: 0, w: 0}
  - {x: 0, y: 0, z: 0, w: 0}
  - {x: 0, y: 0, z: 0, w: 0}
  - {x: 0, y: 0, z: 0, w: 0}
  - {x: 0, y: 0, z: 0, w: 0}
  - {x: 0, y: 0, z: 0, w: 0}
  - {x: 0, y: 0, z: 0, w: 0}
  - {x: 0, y: 0, z: 0, w: 0}
  - {x: 0, y: 0, z: 0, w: 0}
  - {x: 0, y: 0, z: 0, w: 0}
  - {x: 0, y: 0, z: 0, w: 0}
  - {x: 0, y: 0, z: 0, w: 0}
  - {x: 0, y: 0, z: 0, w: 0}
  - {x: 0, y: 0, z: 0, w: 0}
  - {x: 0, y: 0, z: 0, w: 0}
  - {x: 0, y: 0, z: 0, w: 0}
  - {x: 0, y: 0, z: 0, w: 0}
  - {x: 0, y: 0, z: 0, w: 0}
  - {x: 0, y: 0, z: 0, w: 0}
  - {x: 0, y: 0, z: 0, w: 0}
  - {x: 0, y: 0, z: 0, w: 0}
  - {x: 0, y: 0, z: 0, w: 0}
  - {x: 0, y: 0, z: 0, w: 0}
  - {x: 0, y: 0, z: 0, w: 0}
  - {x: 0, y: 0, z: 0, w: 0}
  - {x: 0, y: 0, z: 0, w: 0}
  - {x: 0, y: 0, z: 0, w: 0}
  - {x: 0, y: 0, z: 0, w: 0}
  - {x: 0, y: 0, z: 0, w: 0}
  - {x: 0, y: 0, z: 0, w: 0}
  - {x: 0, y: 0, z: 0, w: 0}
  - {x: 0, y: 0, z: 0, w: 0}
  - {x: 0, y: 0, z: 0, w: 0}
  - {x: 0, y: 0, z: 0, w: 0}
  - {x: 0, y: 0, z: 0, w: 0}
  - {x: 0, y: 0, z: 0, w: 0}
  - {x: 0, y: 0, z: 0, w: 0}
  - {x: 0, y: 0, z: 0, w: 0}
  - {x: 0, y: 0, z: 0, w: 0}
  - {x: 0, y: 0, z: 0, w: 0}
  - {x: 0, y: 0, z: 0, w: 0}
  - {x: 0, y: 0, z: 0, w: 0}
  - {x: 0, y: 0, z: 0, w: 0}
  - {x: 0, y: 0, z: 0, w: 0}
  - {x: 0, y: 0, z: 0, w: 0}
  - {x: 0, y: 0, z: 0, w: 0}
  - {x: 0, y: 0, z: 0, w: 0}
  - {x: 0, y: 0, z: 0, w: 0}
  - {x: 0, y: 0, z: 0, w: 0}
  - {x: 0, y: 0, z: 0, w: 0}
  - {x: 0, y: 0, z: 0, w: 0}
  - {x: 0, y: 0, z: 0, w: 0}
  - {x: 0, y: 0, z: 0, w: 0}
  - {x: 0, y: 0, z: 0, w: 0}
  - {x: 0, y: 0, z: 0, w: 0}
  - {x: 0, y: 0, z: 0, w: 0}
  - {x: 0, y: 0, z: 0, w: 0}
  - {x: 0, y: 0, z: 0, w: 0}
  - {x: 0, y: 0, z: 0, w: 0}
  - {x: 0, y: 0, z: 0, w: 0}
  - {x: 0, y: 0, z: 0, w: 0}
  - {x: 0, y: 0, z: 0, w: 0}
  - {x: 0, y: 0, z: 0, w: 0}
  - {x: 0, y: 0, z: 0, w: 0}
  - {x: 0, y: 0, z: 0, w: 0}
  - {x: 0, y: 0, z: 0, w: 0}
  - {x: 0, y: 0, z: 0, w: 0}
  - {x: 0, y: 0, z: 0, w: 0}
  - {x: 0, y: 0, z: 0, w: 0}
  - {x: 0, y: 0, z: 0, w: 0}
  - {x: 0, y: 0, z: 0, w: 0}
  - {x: 0, y: 0, z: 0, w: 0}
  - {x: 0, y: 0, z: 0, w: 0}
  - {x: 0, y: 0, z: 0, w: 0}
  - {x: 0, y: 0, z: 0, w: 0}
  - {x: 0, y: 0, z: 0, w: 0}
  - {x: 0, y: 0, z: 0, w: 0}
  - {x: 0, y: 0, z: 0, w: 0}
  - {x: 0, y: 0, z: 0, w: 0}
  - {x: 0, y: 0, z: 0, w: 0}
  - {x: 0, y: 0, z: 0, w: 0}
  - {x: 0, y: 0, z: 0, w: 0}
  - {x: 0, y: 0, z: 0, w: 0}
  - {x: 0, y: 0, z: 0, w: 0}
  - {x: 0, y: 0, z: 0, w: 0}
  - {x: 0, y: 0, z: 0, w: 0}
  - {x: 0, y: 0, z: 0, w: 0}
  - {x: 0, y: 0, z: 0, w: 0}
  - {x: 0, y: 0, z: 0, w: 0}
  - {x: 0, y: 0, z: 0, w: 0}
  - {x: 0, y: 0, z: 0, w: 0}
  - {x: 0, y: 0, z: 0, w: 0}
  - {x: 0, y: 0, z: 0, w: 0}
  - {x: 0, y: 0, z: 0, w: 0}
  - {x: 0, y: 0, z: 0, w: 0}
  - {x: 0, y: 0, z: 0, w: 0}
  - {x: 0, y: 0, z: 0, w: 0}
  - {x: 0, y: 0, z: 0, w: 0}
  - {x: 0, y: 0, z: 0, w: 0}
  - {x: 0, y: 0, z: 0, w: 0}
  - {x: 0, y: 0, z: 0, w: 0}
  - {x: 0, y: 0, z: 0, w: 0}
  - {x: 0, y: 0, z: 0, w: 0}
  - {x: 0, y: 0, z: 0, w: 0}
  - {x: 0, y: 0, z: 0, w: 0}
  - {x: 0, y: 0, z: 0, w: 0}
  - {x: 0, y: 0, z: 0, w: 0}
  - {x: 0, y: 0, z: 0, w: 0}
  - {x: 0, y: 0, z: 0, w: 0}
  - {x: 0, y: 0, z: 0, w: 0}
  - {x: 0, y: 0, z: 0, w: 0}
  - {x: 0, y: 0, z: 0, w: 0}
  - {x: 0, y: 0, z: 0, w: 0}
  - {x: 0, y: 0, z: 0, w: 0}
  - {x: 0, y: 0, z: 0, w: 0}
  - {x: 0, y: 0, z: 0, w: 0}
  - {x: 0, y: 0, z: 0, w: 0}
  - {x: 0, y: 0, z: 0, w: 0}
  - {x: 0, y: 0, z: 0, w: 0}
  - {x: 0, y: 0, z: 0, w: 0}
  - {x: 0, y: 0, z: 0, w: 0}
  - {x: 0, y: 0, z: 0, w: 0}
  - {x: 0, y: 0, z: 0, w: 0}
  - {x: 0, y: 0, z: 0, w: 0}
  - {x: 0, y: 0, z: 0, w: 0}
  - {x: 0, y: 0, z: 0, w: 0}
  - {x: 0, y: 0, z: 0, w: 0}
  - {x: 0, y: 0, z: 0, w: 0}
  - {x: 0, y: 0, z: 0, w: 0}
  - {x: 0, y: 0, z: 0, w: 0}
  - {x: 0, y: 0, z: 0, w: 0}
  - {x: 0, y: 0, z: 0, w: 0}
  - {x: 0, y: 0, z: 0, w: 0}
  - {x: 0, y: 0, z: 0, w: 0}
  - {x: 0, y: 0, z: 0, w: 0}
  - {x: 0, y: 0, z: 0, w: 0}
  - {x: 0, y: 0, z: 0, w: 0}
  - {x: 0, y: 0, z: 0, w: 0}
  - {x: 0, y: 0, z: 0, w: 0}
  - {x: 0, y: 0, z: 0, w: 0}
  - {x: 0, y: 0, z: 0, w: 0}
  - {x: 0, y: 0, z: 0, w: 0}
  - {x: 0, y: 0, z: 0, w: 0}
  - {x: 0, y: 0, z: 0, w: 0}
  - {x: 0, y: 0, z: 0, w: 0}
  - {x: 0, y: 0, z: 0, w: 0}
  - {x: 0, y: 0, z: 0, w: 0}
  - {x: 0, y: 0, z: 0, w: 0}
  - {x: 0, y: 0, z: 0, w: 0}
  - {x: 0, y: 0, z: 0, w: 0}
  - {x: 0, y: 0, z: 0, w: 0}
  - {x: 0, y: 0, z: 0, w: 0}
  - {x: 0, y: 0, z: 0, w: 0}
  - {x: 0, y: 0, z: 0, w: 0}
  - {x: 0, y: 0, z: 0, w: 0}
  - {x: 0, y: 0, z: 0, w: 0}
  - {x: 0, y: 0, z: 0, w: 0}
  - {x: 0, y: 0, z: 0, w: 0}
  - {x: 0, y: 0, z: 0, w: 0}
  - {x: 0, y: 0, z: 0, w: 0}
  - {x: 0, y: 0, z: 0, w: 0}
  - {x: 0, y: 0, z: 0, w: 0}
  - {x: 0, y: 0, z: 0, w: 0}
  - {x: 0, y: 0, z: 0, w: 0}
  - {x: 0, y: 0, z: 0, w: 0}
  - {x: 0, y: 0, z: 0, w: 0}
  - {x: 0, y: 0, z: 0, w: 0}
  - {x: 0, y: 0, z: 0, w: 0}
  - {x: 0, y: 0, z: 0, w: 0}
  - {x: 0, y: 0, z: 0, w: 0}
  - {x: 0, y: 0, z: 0, w: 0}
  - {x: 0, y: 0, z: 0, w: 0}
  - {x: 0, y: 0, z: 0, w: 0}
  - {x: 0, y: 0, z: 0, w: 0}
  - {x: 0, y: 0, z: 0, w: 0}
  - {x: 0, y: 0, z: 0, w: 0}
  - {x: 0, y: 0, z: 0, w: 0}
  - {x: 0, y: 0, z: 0, w: 0}
  - {x: 0, y: 0, z: 0, w: 0}
  - {x: 0, y: 0, z: 0, w: 0}
  - {x: 0, y: 0, z: 0, w: 0}
  - {x: 0, y: 0, z: 0, w: 0}
  - {x: 0, y: 0, z: 0, w: 0}
  - {x: 0, y: 0, z: 0, w: 0}
  - {x: 0, y: 0, z: 0, w: 0}
  _tangents: []
  _sharedIndicesUV:
  - array: 00000000
  - array: 01000000
  - array: 02000000
  - array: 03000000
  - array: 04000000
  - array: 05000000
  - array: 06000000
  - array: 07000000
  - array: 08000000
  - array: 09000000
  - array: 0a000000
  - array: 0b000000
  - array: 0c000000
  - array: 0d000000
  - array: 0e000000
  - array: 0f000000
  - array: 10000000
  - array: 11000000
  - array: 12000000
  - array: 13000000
  - array: 14000000
  - array: 15000000
  - array: 16000000
  - array: 17000000
  - array: 18000000
  - array: 19000000
  - array: 1a000000
  - array: 1b000000
  - array: 1c000000
  - array: 1d000000
  - array: 1e000000
  - array: 1f000000
  - array: 20000000
  - array: 21000000
  - array: 22000000
  - array: 23000000
  - array: 24000000
  - array: 25000000
  - array: 26000000
  - array: 27000000
  - array: 28000000
  - array: 29000000
  - array: 2a000000
  - array: 2b000000
  - array: 2c000000
  - array: 2d000000
  - array: 2e000000
  - array: 2f000000
  - array: 30000000
  - array: 31000000
  - array: 32000000
  - array: 33000000
  - array: 34000000
  - array: 35000000
  - array: 36000000
  - array: 37000000
  - array: 38000000
  - array: 39000000
  - array: 3a000000
  - array: 3b000000
  - array: 3c000000
  - array: 3d000000
  - array: 3e000000
  - array: 3f000000
  - array: 40000000
  - array: 41000000
  - array: 42000000
  - array: 43000000
  - array: 44000000
  - array: 45000000
  - array: 46000000
  - array: 47000000
  - array: 48000000
  - array: 49000000
  - array: 4a000000
  - array: 4b000000
  - array: 4c000000
  - array: 4d000000
  - array: 4e000000
  - array: 4f000000
  - array: 50000000
  - array: 51000000
  - array: 52000000
  - array: 53000000
  - array: 54000000
  - array: 55000000
  - array: 56000000
  - array: 57000000
  - array: 58000000
  - array: 59000000
  - array: 5a000000
  - array: 5b000000
  - array: 5c000000
  - array: 5d000000
  - array: 5e000000
  - array: 5f000000
  - array: 60000000
  - array: 61000000
  - array: 62000000
  - array: 63000000
  - array: 64000000
  - array: 65000000
  - array: 66000000
  - array: 67000000
  - array: 68000000
  - array: 69000000
  - array: 6a000000
  - array: 6b000000
  - array: 6c000000
  - array: 6d000000
  - array: 6e000000
  - array: 6f000000
  - array: 70000000
  - array: 71000000
  - array: 72000000
  - array: 73000000
  - array: 74000000
  - array: 75000000
  - array: 76000000
  - array: 77000000
  - array: 78000000
  - array: 79000000
  - array: 7a000000
  - array: 7b000000
  - array: 7c000000
  - array: 7d000000
  - array: 7e000000
  - array: 7f000000
  - array: 80000000
  - array: 81000000
  - array: 82000000
  - array: 83000000
  - array: 84000000
  - array: 85000000
  - array: 86000000
  - array: 87000000
  - array: 88000000
  - array: 89000000
  - array: 8a000000
  - array: 8b000000
  - array: 8c000000
  - array: 8d000000
  - array: 8e000000
  - array: 8f000000
  - array: 90000000
  - array: 91000000
  - array: 92000000
  - array: 93000000
  - array: 94000000
  - array: 95000000
  - array: 96000000
  - array: 97000000
  - array: 98000000
  - array: 99000000
  - array: 9a000000
  - array: 9b000000
  - array: 9c000000
  - array: 9d000000
  - array: 9e000000
  - array: 9f000000
  - array: a0000000
  - array: a1000000
  - array: a2000000
  - array: a3000000
  - array: a4000000
  - array: a5000000
  - array: a6000000
  - array: a7000000
  - array: a8000000
  - array: a9000000
  - array: aa000000
  - array: ab000000
  - array: ac000000
  - array: ad000000
  - array: ae000000
  - array: af000000
  - array: b0000000
  - array: b1000000
  - array: b2000000
  - array: b3000000
  - array: b4000000
  - array: b5000000
  - array: b6000000
  - array: b7000000
  - array: b8000000
  - array: b9000000
  _colors:
  - {r: 1, g: 1, b: 1, a: 1}
  - {r: 1, g: 1, b: 1, a: 1}
  - {r: 1, g: 1, b: 1, a: 1}
  - {r: 1, g: 1, b: 1, a: 1}
  - {r: 1, g: 1, b: 1, a: 1}
  - {r: 1, g: 1, b: 1, a: 1}
  - {r: 1, g: 1, b: 1, a: 1}
  - {r: 1, g: 1, b: 1, a: 1}
  - {r: 1, g: 1, b: 1, a: 1}
  - {r: 1, g: 1, b: 1, a: 1}
  - {r: 1, g: 1, b: 1, a: 1}
  - {r: 1, g: 1, b: 1, a: 1}
  - {r: 1, g: 1, b: 1, a: 1}
  - {r: 1, g: 1, b: 1, a: 1}
  - {r: 1, g: 1, b: 1, a: 1}
  - {r: 1, g: 1, b: 1, a: 1}
  - {r: 1, g: 1, b: 1, a: 1}
  - {r: 1, g: 1, b: 1, a: 1}
  - {r: 1, g: 1, b: 1, a: 1}
  - {r: 1, g: 1, b: 1, a: 1}
  - {r: 1, g: 1, b: 1, a: 1}
  - {r: 1, g: 1, b: 1, a: 1}
  - {r: 1, g: 1, b: 1, a: 1}
  - {r: 1, g: 1, b: 1, a: 1}
  - {r: 1, g: 1, b: 1, a: 1}
  - {r: 1, g: 1, b: 1, a: 1}
  - {r: 1, g: 1, b: 1, a: 1}
  - {r: 1, g: 1, b: 1, a: 1}
  - {r: 1, g: 1, b: 1, a: 1}
  - {r: 1, g: 1, b: 1, a: 1}
  - {r: 1, g: 1, b: 1, a: 1}
  - {r: 1, g: 1, b: 1, a: 1}
  - {r: 1, g: 1, b: 1, a: 1}
  - {r: 1, g: 1, b: 1, a: 1}
  - {r: 1, g: 1, b: 1, a: 1}
  - {r: 1, g: 1, b: 1, a: 1}
  - {r: 1, g: 1, b: 1, a: 1}
  - {r: 1, g: 1, b: 1, a: 1}
  - {r: 1, g: 1, b: 1, a: 1}
  - {r: 1, g: 1, b: 1, a: 1}
  - {r: 1, g: 1, b: 1, a: 1}
  - {r: 1, g: 1, b: 1, a: 1}
  - {r: 1, g: 1, b: 1, a: 1}
  - {r: 1, g: 1, b: 1, a: 1}
  - {r: 1, g: 1, b: 1, a: 1}
  - {r: 1, g: 1, b: 1, a: 1}
  - {r: 1, g: 1, b: 1, a: 1}
  - {r: 1, g: 1, b: 1, a: 1}
  - {r: 1, g: 1, b: 1, a: 1}
  - {r: 1, g: 1, b: 1, a: 1}
  - {r: 1, g: 1, b: 1, a: 1}
  - {r: 1, g: 1, b: 1, a: 1}
  - {r: 1, g: 1, b: 1, a: 1}
  - {r: 1, g: 1, b: 1, a: 1}
  - {r: 1, g: 1, b: 1, a: 1}
  - {r: 1, g: 1, b: 1, a: 1}
  - {r: 1, g: 1, b: 1, a: 1}
  - {r: 1, g: 1, b: 1, a: 1}
  - {r: 1, g: 1, b: 1, a: 1}
  - {r: 1, g: 1, b: 1, a: 1}
  - {r: 1, g: 1, b: 1, a: 1}
  - {r: 1, g: 1, b: 1, a: 1}
  - {r: 1, g: 1, b: 1, a: 1}
  - {r: 1, g: 1, b: 1, a: 1}
  - {r: 1, g: 1, b: 1, a: 1}
  - {r: 1, g: 1, b: 1, a: 1}
  - {r: 1, g: 1, b: 1, a: 1}
  - {r: 1, g: 1, b: 1, a: 1}
  - {r: 1, g: 1, b: 1, a: 1}
  - {r: 1, g: 1, b: 1, a: 1}
  - {r: 1, g: 1, b: 1, a: 1}
  - {r: 1, g: 1, b: 1, a: 1}
  - {r: 1, g: 1, b: 1, a: 1}
  - {r: 1, g: 1, b: 1, a: 1}
  - {r: 1, g: 1, b: 1, a: 1}
  - {r: 1, g: 1, b: 1, a: 1}
  - {r: 1, g: 1, b: 1, a: 1}
  - {r: 1, g: 1, b: 1, a: 1}
  - {r: 1, g: 1, b: 1, a: 1}
  - {r: 1, g: 1, b: 1, a: 1}
  - {r: 1, g: 1, b: 1, a: 1}
  - {r: 1, g: 1, b: 1, a: 1}
  - {r: 1, g: 1, b: 1, a: 1}
  - {r: 1, g: 1, b: 1, a: 1}
  - {r: 1, g: 1, b: 1, a: 1}
  - {r: 1, g: 1, b: 1, a: 1}
  - {r: 1, g: 1, b: 1, a: 1}
  - {r: 1, g: 1, b: 1, a: 1}
  - {r: 1, g: 1, b: 1, a: 1}
  - {r: 1, g: 1, b: 1, a: 1}
  - {r: 1, g: 1, b: 1, a: 1}
  - {r: 1, g: 1, b: 1, a: 1}
  - {r: 1, g: 1, b: 1, a: 1}
  - {r: 1, g: 1, b: 1, a: 1}
  - {r: 1, g: 1, b: 1, a: 1}
  - {r: 1, g: 1, b: 1, a: 1}
  - {r: 1, g: 1, b: 1, a: 1}
  - {r: 1, g: 1, b: 1, a: 1}
  - {r: 1, g: 1, b: 1, a: 1}
  - {r: 1, g: 1, b: 1, a: 1}
  - {r: 1, g: 1, b: 1, a: 1}
  - {r: 1, g: 1, b: 1, a: 1}
  - {r: 1, g: 1, b: 1, a: 1}
  - {r: 1, g: 1, b: 1, a: 1}
  - {r: 1, g: 1, b: 1, a: 1}
  - {r: 1, g: 1, b: 1, a: 1}
  - {r: 1, g: 1, b: 1, a: 1}
  - {r: 1, g: 1, b: 1, a: 1}
  - {r: 1, g: 1, b: 1, a: 1}
  - {r: 1, g: 1, b: 1, a: 1}
  - {r: 1, g: 1, b: 1, a: 1}
  - {r: 1, g: 1, b: 1, a: 1}
  - {r: 1, g: 1, b: 1, a: 1}
  - {r: 1, g: 1, b: 1, a: 1}
  - {r: 1, g: 1, b: 1, a: 1}
  - {r: 1, g: 1, b: 1, a: 1}
  - {r: 1, g: 1, b: 1, a: 1}
  - {r: 1, g: 1, b: 1, a: 1}
  - {r: 1, g: 1, b: 1, a: 1}
  - {r: 1, g: 1, b: 1, a: 1}
  - {r: 1, g: 1, b: 1, a: 1}
  - {r: 1, g: 1, b: 1, a: 1}
  - {r: 1, g: 1, b: 1, a: 1}
  - {r: 1, g: 1, b: 1, a: 1}
  - {r: 1, g: 1, b: 1, a: 1}
  - {r: 1, g: 1, b: 1, a: 1}
  - {r: 1, g: 1, b: 1, a: 1}
  - {r: 1, g: 1, b: 1, a: 1}
  - {r: 1, g: 1, b: 1, a: 1}
  - {r: 1, g: 1, b: 1, a: 1}
  - {r: 1, g: 1, b: 1, a: 1}
  - {r: 1, g: 1, b: 1, a: 1}
  - {r: 1, g: 1, b: 1, a: 1}
  - {r: 1, g: 1, b: 1, a: 1}
  - {r: 1, g: 1, b: 1, a: 1}
  - {r: 1, g: 1, b: 1, a: 1}
  - {r: 1, g: 1, b: 1, a: 1}
  - {r: 1, g: 1, b: 1, a: 1}
  - {r: 1, g: 1, b: 1, a: 1}
  - {r: 1, g: 1, b: 1, a: 1}
  - {r: 1, g: 1, b: 1, a: 1}
  - {r: 1, g: 1, b: 1, a: 1}
  - {r: 1, g: 1, b: 1, a: 1}
  - {r: 1, g: 1, b: 1, a: 1}
  - {r: 1, g: 1, b: 1, a: 1}
  - {r: 1, g: 1, b: 1, a: 1}
  - {r: 1, g: 1, b: 1, a: 1}
  - {r: 1, g: 1, b: 1, a: 1}
  - {r: 1, g: 1, b: 1, a: 1}
  - {r: 1, g: 1, b: 1, a: 1}
  - {r: 1, g: 1, b: 1, a: 1}
  - {r: 1, g: 1, b: 1, a: 1}
  - {r: 1, g: 1, b: 1, a: 1}
  - {r: 1, g: 1, b: 1, a: 1}
  - {r: 1, g: 1, b: 1, a: 1}
  - {r: 1, g: 1, b: 1, a: 1}
  - {r: 1, g: 1, b: 1, a: 1}
  - {r: 1, g: 1, b: 1, a: 1}
  - {r: 1, g: 1, b: 1, a: 1}
  - {r: 1, g: 1, b: 1, a: 1}
  - {r: 1, g: 1, b: 1, a: 1}
  - {r: 1, g: 1, b: 1, a: 1}
  - {r: 1, g: 1, b: 1, a: 1}
  - {r: 1, g: 1, b: 1, a: 1}
  - {r: 1, g: 1, b: 1, a: 1}
  - {r: 1, g: 1, b: 1, a: 1}
  - {r: 1, g: 1, b: 1, a: 1}
  - {r: 1, g: 1, b: 1, a: 1}
  - {r: 1, g: 1, b: 1, a: 1}
  - {r: 1, g: 1, b: 1, a: 1}
  - {r: 1, g: 1, b: 1, a: 1}
  - {r: 1, g: 1, b: 1, a: 1}
  - {r: 1, g: 1, b: 1, a: 1}
  - {r: 1, g: 1, b: 1, a: 1}
  - {r: 1, g: 1, b: 1, a: 1}
  - {r: 1, g: 1, b: 1, a: 1}
  - {r: 1, g: 1, b: 1, a: 1}
  - {r: 1, g: 1, b: 1, a: 1}
  - {r: 1, g: 1, b: 1, a: 1}
  - {r: 1, g: 1, b: 1, a: 1}
  - {r: 1, g: 1, b: 1, a: 1}
  - {r: 1, g: 1, b: 1, a: 1}
  - {r: 1, g: 1, b: 1, a: 1}
  - {r: 1, g: 1, b: 1, a: 1}
  - {r: 1, g: 1, b: 1, a: 1}
  - {r: 1, g: 1, b: 1, a: 1}
  userCollisions: 0
  isSelectable: 1
  unwrapParameters:
    hardAngle: 88
    packMargin: 4
    angleError: 8
    areaError: 15
  asset_guid: 
  dontDestroyMeshOnDelete: 0
  m_selectedFaces: 
  m_SelectedEdges: []
  m_selectedTriangles: 
