%YAML 1.1
%TAG !u! tag:unity3d.com,2011:
--- !u!1001 &100100000
Prefab:
  m_ObjectHideFlags: 1
  serializedVersion: 2
  m_Modification:
    m_TransformParent: {fileID: 0}
    m_Modifications: []
    m_RemovedComponents: []
  m_SourcePrefab: {fileID: 0}
  m_RootGameObject: {fileID: 1624395935405406}
  m_IsPrefabAsset: 1
--- !u!1 &1624395935405406
GameObject:
  m_ObjectHideFlags: 0
  m_CorrespondingSourceObject: {fileID: 0}
  m_PrefabInternal: {fileID: 100100000}
  serializedVersion: 6
  m_Component:
  - component: {fileID: 4787894363543606}
  - component: {fileID: 114885402658232094}
  - component: {fileID: 114238201678323016}
  - component: {fileID: 114085346063125240}
  - component: {fileID: 135342771460315080}
  m_Layer: 0
  m_Name: LockObject
  m_TagString: Untagged
  m_Icon: {fileID: 0}
  m_NavMeshLayer: 0
  m_StaticEditorFlags: 0
  m_IsActive: 1
--- !u!1 &1911161511413170
GameObject:
  m_ObjectHideFlags: 0
  m_CorrespondingSourceObject: {fileID: 0}
  m_PrefabInternal: {fileID: 100100000}
  serializedVersion: 6
  m_Component:
  - component: {fileID: 4508306136699308}
  - component: {fileID: 33276042212258374}
  - component: {fileID: 114005343232775076}
  - component: {fileID: 23026874772528680}
  - component: {fileID: 114296402113784008}
  m_Layer: 0
  m_Name: Lock
  m_TagString: Untagged
  m_Icon: {fileID: 0}
  m_NavMeshLayer: 0
  m_StaticEditorFlags: 0
  m_IsActive: 1
--- !u!4 &4508306136699308
Transform:
  m_ObjectHideFlags: 1
  m_CorrespondingSourceObject: {fileID: 0}
  m_PrefabInternal: {fileID: 100100000}
  m_GameObject: {fileID: 1911161511413170}
  m_LocalRotation: {x: 0, y: 0, z: 0, w: 1}
  m_LocalPosition: {x: -0, y: 0.061, z: -0}
  m_LocalScale: {x: 1, y: 1, z: 1}
  m_Children: []
  m_Father: {fileID: 4787894363543606}
  m_RootOrder: 0
  m_LocalEulerAnglesHint: {x: 0, y: 0, z: 0}
--- !u!4 &4787894363543606
Transform:
  m_ObjectHideFlags: 1
  m_CorrespondingSourceObject: {fileID: 0}
  m_PrefabInternal: {fileID: 100100000}
  m_GameObject: {fileID: 1624395935405406}
  m_LocalRotation: {x: 0, y: 0, z: 1, w: 0}
  m_LocalPosition: {x: -3, y: -0.9, z: 0}
  m_LocalScale: {x: 1, y: 1, z: 1}
  m_Children:
  - {fileID: 4508306136699308}
  m_Father: {fileID: 0}
  m_RootOrder: 0
  m_LocalEulerAnglesHint: {x: 0, y: 0, z: 180}
--- !u!23 &23026874772528680
MeshRenderer:
  m_ObjectHideFlags: 1
  m_CorrespondingSourceObject: {fileID: 0}
  m_PrefabInternal: {fileID: 100100000}
  m_GameObject: {fileID: 1911161511413170}
  m_Enabled: 1
  m_CastShadows: 0
  m_ReceiveShadows: 1
  m_DynamicOccludee: 1
  m_MotionVectors: 1
  m_LightProbeUsage: 1
  m_ReflectionProbeUsage: 1
  m_RenderingLayerMask: 4294967295
  m_Materials:
  - {fileID: 2100000, guid: e6859807ea7dd6a4fb727b488a8dc474, type: 2}
  m_StaticBatchInfo:
    firstSubMesh: 0
    subMeshCount: 0
  m_StaticBatchRoot: {fileID: 0}
  m_ProbeAnchor: {fileID: 0}
  m_LightProbeVolumeOverride: {fileID: 0}
  m_ScaleInLightmap: 1
  m_PreserveUVs: 0
  m_IgnoreNormalsForChartDetection: 0
  m_ImportantGI: 0
  m_StitchLightmapSeams: 0
  m_SelectedEditorRenderState: 0
  m_MinimumChartSize: 4
  m_AutoUVMaxDistance: 0.5
  m_AutoUVMaxAngle: 89
  m_LightmapParameters: {fileID: 0}
  m_SortingLayerID: 0
  m_SortingLayer: 0
  m_SortingOrder: 0
--- !u!33 &33276042212258374
MeshFilter:
  m_ObjectHideFlags: 1
  m_CorrespondingSourceObject: {fileID: 0}
  m_PrefabInternal: {fileID: 100100000}
  m_GameObject: {fileID: 1911161511413170}
  m_Mesh: {fileID: 0}
--- !u!114 &114005343232775076
MonoBehaviour:
  m_ObjectHideFlags: 1
  m_CorrespondingSourceObject: {fileID: 0}
  m_PrefabInternal: {fileID: 100100000}
  m_GameObject: {fileID: 1911161511413170}
  m_Enabled: 1
  m_EditorHideFlags: 0
  m_Script: {fileID: 16342205, guid: 0472bdc8d6d15384d98f22ee34302f9c, type: 3}
  m_Name: 
  m_EditorClassIdentifier: 
  _entityType: 4
--- !u!114 &114085346063125240
MonoBehaviour:
  m_ObjectHideFlags: 1
  m_CorrespondingSourceObject: {fileID: 0}
  m_PrefabInternal: {fileID: 100100000}
  m_GameObject: {fileID: 1624395935405406}
  m_Enabled: 1
  m_EditorHideFlags: 0
  m_Script: {fileID: 11500000, guid: cec3af99fdc573b4992f9484578cea50, type: 3}
  m_Name: 
  m_EditorClassIdentifier: 
--- !u!114 &114238201678323016
MonoBehaviour:
  m_ObjectHideFlags: 1
  m_CorrespondingSourceObject: {fileID: 0}
  m_PrefabInternal: {fileID: 100100000}
  m_GameObject: {fileID: 1624395935405406}
  m_Enabled: 1
  m_EditorHideFlags: 0
  m_Script: {fileID: 11500000, guid: 37cbdcaae3a01d242be4b46f22529d41, type: 3}
  m_Name: 
  m_EditorClassIdentifier: 
  Speed: 1
  AddForceWhenHittingPlayer: {x: 0, y: 0, z: 0}
  States: []
--- !u!114 &114296402113784008
MonoBehaviour:
  m_ObjectHideFlags: 1
  m_CorrespondingSourceObject: {fileID: 0}
  m_PrefabInternal: {fileID: 100100000}
  m_GameObject: {fileID: 1911161511413170}
  m_Enabled: 1
  m_EditorHideFlags: 0
  m_Script: {fileID: 185759285, guid: 0472bdc8d6d15384d98f22ee34302f9c, type: 3}
  m_Name: 
  m_EditorClassIdentifier: 
  _quads:
  - _indices: 000000000100000002000000
    _distinctIndices: 000000000100000002000000
    _edges:
    - x: 0
      y: 1
    - x: 1
      y: 2
    - x: 2
      y: 0
    _smoothingGroup: -1
    _uv:
      useWorldSpace: 0
      flipU: 0
      flipV: 0
      swapUV: 0
      fill: 1
      scale: {x: 1, y: 1}
      offset: {x: 0, y: 0}
      rotation: 0
      justify: 0
      localPivot: {x: 0, y: 0}
      localSize: {x: 0, y: 0}
      anchor: 9
    _mat: {fileID: 2100000, guid: e6859807ea7dd6a4fb727b488a8dc474, type: 2}
    manualUV: 1
    elementGroup: -1
    textureGroup: -1
  - _indices: 030000000400000005000000
    _distinctIndices: 030000000400000005000000
    _edges:
    - x: 3
      y: 4
    - x: 4
      y: 5
    - x: 5
      y: 3
    _smoothingGroup: -1
    _uv:
      useWorldSpace: 0
      flipU: 0
      flipV: 0
      swapUV: 0
      fill: 1
      scale: {x: 1, y: 1}
      offset: {x: 0, y: 0}
      rotation: 0
      justify: 0
      localPivot: {x: 0, y: 0}
      localSize: {x: 0, y: 0}
      anchor: 9
    _mat: {fileID: 2100000, guid: e6859807ea7dd6a4fb727b488a8dc474, type: 2}
    manualUV: 1
    elementGroup: -1
    textureGroup: -1
  - _indices: 060000000700000008000000
    _distinctIndices: 060000000700000008000000
    _edges:
    - x: 6
      y: 7
    - x: 7
      y: 8
    - x: 8
      y: 6
    _smoothingGroup: -1
    _uv:
      useWorldSpace: 0
      flipU: 0
      flipV: 0
      swapUV: 0
      fill: 1
      scale: {x: 1, y: 1}
      offset: {x: 0, y: 0}
      rotation: 0
      justify: 0
      localPivot: {x: 0, y: 0}
      localSize: {x: 0, y: 0}
      anchor: 9
    _mat: {fileID: 2100000, guid: e6859807ea7dd6a4fb727b488a8dc474, type: 2}
    manualUV: 1
    elementGroup: -1
    textureGroup: -1
  - _indices: 090000000a0000000b000000
    _distinctIndices: 090000000a0000000b000000
    _edges:
    - x: 9
      y: 10
    - x: 10
      y: 11
    - x: 11
      y: 9
    _smoothingGroup: -1
    _uv:
      useWorldSpace: 0
      flipU: 0
      flipV: 0
      swapUV: 0
      fill: 1
      scale: {x: 1, y: 1}
      offset: {x: 0, y: 0}
      rotation: 0
      justify: 0
      localPivot: {x: 0, y: 0}
      localSize: {x: 0, y: 0}
      anchor: 9
    _mat: {fileID: 2100000, guid: e6859807ea7dd6a4fb727b488a8dc474, type: 2}
    manualUV: 1
    elementGroup: -1
    textureGroup: -1
  - _indices: 0c0000000d0000000e000000
    _distinctIndices: 0c0000000d0000000e000000
    _edges:
    - x: 12
      y: 13
    - x: 13
      y: 14
    - x: 14
      y: 12
    _smoothingGroup: -1
    _uv:
      useWorldSpace: 0
      flipU: 0
      flipV: 0
      swapUV: 0
      fill: 1
      scale: {x: 1, y: 1}
      offset: {x: 0, y: 0}
      rotation: 0
      justify: 0
      localPivot: {x: 0, y: 0}
      localSize: {x: 0, y: 0}
      anchor: 9
    _mat: {fileID: 2100000, guid: e6859807ea7dd6a4fb727b488a8dc474, type: 2}
    manualUV: 1
    elementGroup: -1
    textureGroup: -1
  - _indices: 0f0000001000000011000000
    _distinctIndices: 0f0000001000000011000000
    _edges:
    - x: 15
      y: 16
    - x: 16
      y: 17
    - x: 17
      y: 15
    _smoothingGroup: -1
    _uv:
      useWorldSpace: 0
      flipU: 0
      flipV: 0
      swapUV: 0
      fill: 1
      scale: {x: 1, y: 1}
      offset: {x: 0, y: 0}
      rotation: 0
      justify: 0
      localPivot: {x: 0, y: 0}
      localSize: {x: 0, y: 0}
      anchor: 9
    _mat: {fileID: 2100000, guid: e6859807ea7dd6a4fb727b488a8dc474, type: 2}
    manualUV: 1
    elementGroup: -1
    textureGroup: -1
  - _indices: 120000001300000014000000
    _distinctIndices: 120000001300000014000000
    _edges:
    - x: 18
      y: 19
    - x: 19
      y: 20
    - x: 20
      y: 18
    _smoothingGroup: -1
    _uv:
      useWorldSpace: 0
      flipU: 0
      flipV: 0
      swapUV: 0
      fill: 1
      scale: {x: 1, y: 1}
      offset: {x: 0, y: 0}
      rotation: 0
      justify: 0
      localPivot: {x: 0, y: 0}
      localSize: {x: 0, y: 0}
      anchor: 9
    _mat: {fileID: 2100000, guid: e6859807ea7dd6a4fb727b488a8dc474, type: 2}
    manualUV: 1
    elementGroup: -1
    textureGroup: -1
  - _indices: 150000001600000017000000
    _distinctIndices: 150000001600000017000000
    _edges:
    - x: 21
      y: 22
    - x: 22
      y: 23
    - x: 23
      y: 21
    _smoothingGroup: -1
    _uv:
      useWorldSpace: 0
      flipU: 0
      flipV: 0
      swapUV: 0
      fill: 1
      scale: {x: 1, y: 1}
      offset: {x: 0, y: 0}
      rotation: 0
      justify: 0
      localPivot: {x: 0, y: 0}
      localSize: {x: 0, y: 0}
      anchor: 9
    _mat: {fileID: 2100000, guid: e6859807ea7dd6a4fb727b488a8dc474, type: 2}
    manualUV: 1
    elementGroup: -1
    textureGroup: -1
  - _indices: 18000000190000001a000000
    _distinctIndices: 18000000190000001a000000
    _edges:
    - x: 24
      y: 25
    - x: 25
      y: 26
    - x: 26
      y: 24
    _smoothingGroup: -1
    _uv:
      useWorldSpace: 0
      flipU: 0
      flipV: 0
      swapUV: 0
      fill: 1
      scale: {x: 1, y: 1}
      offset: {x: 0, y: 0}
      rotation: 0
      justify: 0
      localPivot: {x: 0, y: 0}
      localSize: {x: 0, y: 0}
      anchor: 9
    _mat: {fileID: 2100000, guid: e6859807ea7dd6a4fb727b488a8dc474, type: 2}
    manualUV: 1
    elementGroup: -1
    textureGroup: -1
  - _indices: 1b0000001c0000001d000000
    _distinctIndices: 1b0000001c0000001d000000
    _edges:
    - x: 27
      y: 28
    - x: 28
      y: 29
    - x: 29
      y: 27
    _smoothingGroup: -1
    _uv:
      useWorldSpace: 0
      flipU: 0
      flipV: 0
      swapUV: 0
      fill: 1
      scale: {x: 1, y: 1}
      offset: {x: 0, y: 0}
      rotation: 0
      justify: 0
      localPivot: {x: 0, y: 0}
      localSize: {x: 0, y: 0}
      anchor: 9
    _mat: {fileID: 2100000, guid: e6859807ea7dd6a4fb727b488a8dc474, type: 2}
    manualUV: 1
    elementGroup: -1
    textureGroup: -1
  - _indices: 1e0000001f00000020000000
    _distinctIndices: 1e0000001f00000020000000
    _edges:
    - x: 30
      y: 31
    - x: 31
      y: 32
    - x: 32
      y: 30
    _smoothingGroup: -1
    _uv:
      useWorldSpace: 0
      flipU: 0
      flipV: 0
      swapUV: 0
      fill: 1
      scale: {x: 1, y: 1}
      offset: {x: 0, y: 0}
      rotation: 0
      justify: 0
      localPivot: {x: 0, y: 0}
      localSize: {x: 0, y: 0}
      anchor: 9
    _mat: {fileID: 2100000, guid: e6859807ea7dd6a4fb727b488a8dc474, type: 2}
    manualUV: 1
    elementGroup: -1
    textureGroup: -1
  - _indices: 210000002200000023000000
    _distinctIndices: 210000002200000023000000
    _edges:
    - x: 33
      y: 34
    - x: 34
      y: 35
    - x: 35
      y: 33
    _smoothingGroup: -1
    _uv:
      useWorldSpace: 0
      flipU: 0
      flipV: 0
      swapUV: 0
      fill: 1
      scale: {x: 1, y: 1}
      offset: {x: 0, y: 0}
      rotation: 0
      justify: 0
      localPivot: {x: 0, y: 0}
      localSize: {x: 0, y: 0}
      anchor: 9
    _mat: {fileID: 2100000, guid: e6859807ea7dd6a4fb727b488a8dc474, type: 2}
    manualUV: 1
    elementGroup: -1
    textureGroup: -1
  - _indices: 240000002500000026000000
    _distinctIndices: 240000002500000026000000
    _edges:
    - x: 36
      y: 37
    - x: 37
      y: 38
    - x: 38
      y: 36
    _smoothingGroup: 0
    _uv:
      useWorldSpace: 0
      flipU: 0
      flipV: 0
      swapUV: 0
      fill: 1
      scale: {x: 1, y: 1}
      offset: {x: 0, y: 0}
      rotation: 0
      justify: 0
      localPivot: {x: -0.055346258, y: -0.09902324}
      localSize: {x: 0, y: 0}
      anchor: 9
    _mat: {fileID: 2100000, guid: e6859807ea7dd6a4fb727b488a8dc474, type: 2}
    manualUV: 0
    elementGroup: 0
    textureGroup: -1
  - _indices: 270000002800000029000000
    _distinctIndices: 270000002800000029000000
    _edges:
    - x: 39
      y: 40
    - x: 40
      y: 41
    - x: 41
      y: 39
    _smoothingGroup: 0
    _uv:
      useWorldSpace: 0
      flipU: 0
      flipV: 0
      swapUV: 0
      fill: 1
      scale: {x: 1, y: 1}
      offset: {x: 0, y: 0}
      rotation: 0
      justify: 0
      localPivot: {x: -0.055346258, y: 0.000000044703484}
      localSize: {x: 0, y: 0}
      anchor: 9
    _mat: {fileID: 2100000, guid: e6859807ea7dd6a4fb727b488a8dc474, type: 2}
    manualUV: 0
    elementGroup: 0
    textureGroup: -1
  - _indices: 2a0000002b0000002c000000
    _distinctIndices: 2a0000002b0000002c000000
    _edges:
    - x: 42
      y: 43
    - x: 43
      y: 44
    - x: 44
      y: 42
    _smoothingGroup: 0
    _uv:
      useWorldSpace: 0
      flipU: 0
      flipV: 0
      swapUV: 0
      fill: 1
      scale: {x: 1, y: 1}
      offset: {x: 0, y: 0}
      rotation: 0
      justify: 0
      localPivot: {x: 0.04657679, y: 0.000000044703484}
      localSize: {x: 0, y: 0}
      anchor: 9
    _mat: {fileID: 2100000, guid: e6859807ea7dd6a4fb727b488a8dc474, type: 2}
    manualUV: 0
    elementGroup: 0
    textureGroup: -1
  - _indices: 2d0000002e0000002f000000
    _distinctIndices: 2d0000002e0000002f000000
    _edges:
    - x: 45
      y: 46
    - x: 46
      y: 47
    - x: 47
      y: 45
    _smoothingGroup: 0
    _uv:
      useWorldSpace: 0
      flipU: 0
      flipV: 0
      swapUV: 0
      fill: 1
      scale: {x: 1, y: 1}
      offset: {x: 0, y: 0}
      rotation: 0
      justify: 0
      localPivot: {x: 0.04657679, y: 0.09902332}
      localSize: {x: 0, y: 0}
      anchor: 9
    _mat: {fileID: 2100000, guid: e6859807ea7dd6a4fb727b488a8dc474, type: 2}
    manualUV: 0
    elementGroup: 0
    textureGroup: -1
  - _indices: 300000003100000032000000
    _distinctIndices: 300000003100000032000000
    _edges:
    - x: 48
      y: 49
    - x: 49
      y: 50
    - x: 50
      y: 48
    _smoothingGroup: 0
    _uv:
      useWorldSpace: 0
      flipU: 0
      flipV: 0
      swapUV: 0
      fill: 1
      scale: {x: 1, y: 1}
      offset: {x: 0, y: 0}
      rotation: 0
      justify: 0
      localPivot: {x: -0.016081236, y: 0.016867723}
      localSize: {x: 0, y: 0}
      anchor: 9
    _mat: {fileID: 2100000, guid: e6859807ea7dd6a4fb727b488a8dc474, type: 2}
    manualUV: 0
    elementGroup: -1
    textureGroup: -1
  - _indices: 330000003400000035000000
    _distinctIndices: 330000003400000035000000
    _edges:
    - x: 51
      y: 52
    - x: 52
      y: 53
    - x: 53
      y: 51
    _smoothingGroup: 0
    _uv:
      useWorldSpace: 0
      flipU: 0
      flipV: 0
      swapUV: 0
      fill: 1
      scale: {x: 1, y: 1}
      offset: {x: 0, y: 0}
      rotation: 0
      justify: 0
      localPivot: {x: -0.016081236, y: 0.016867723}
      localSize: {x: 0, y: 0}
      anchor: 9
    _mat: {fileID: 2100000, guid: e6859807ea7dd6a4fb727b488a8dc474, type: 2}
    manualUV: 0
    elementGroup: -1
    textureGroup: -1
  - _indices: 360000003700000038000000
    _distinctIndices: 360000003700000038000000
    _edges:
    - x: 54
      y: 55
    - x: 55
      y: 56
    - x: 56
      y: 54
    _smoothingGroup: 0
    _uv:
      useWorldSpace: 0
      flipU: 0
      flipV: 0
      swapUV: 0
      fill: 1
      scale: {x: 1, y: 1}
      offset: {x: 0, y: 0}
      rotation: 0
      justify: 0
      localPivot: {x: 0.004384745, y: 0.016867723}
      localSize: {x: 0, y: 0}
      anchor: 9
    _mat: {fileID: 2100000, guid: e6859807ea7dd6a4fb727b488a8dc474, type: 2}
    manualUV: 0
    elementGroup: -1
    textureGroup: -1
  - _indices: 390000003a0000003b000000
    _distinctIndices: 390000003a0000003b000000
    _edges:
    - x: 57
      y: 58
    - x: 58
      y: 59
    - x: 59
      y: 57
    _smoothingGroup: 0
    _uv:
      useWorldSpace: 0
      flipU: 0
      flipV: 0
      swapUV: 0
      fill: 1
      scale: {x: 1, y: 1}
      offset: {x: 0, y: 0}
      rotation: 0
      justify: 0
      localPivot: {x: 0.004384745, y: 0.016867723}
      localSize: {x: 0, y: 0}
      anchor: 9
    _mat: {fileID: 2100000, guid: e6859807ea7dd6a4fb727b488a8dc474, type: 2}
    manualUV: 0
    elementGroup: -1
    textureGroup: -1
  - _indices: 3c0000003d0000003e000000
    _distinctIndices: 3c0000003d0000003e000000
    _edges:
    - x: 60
      y: 61
    - x: 61
      y: 62
    - x: 62
      y: 60
    _smoothingGroup: 0
    _uv:
      useWorldSpace: 0
      flipU: 0
      flipV: 0
      swapUV: 0
      fill: 1
      scale: {x: 1, y: 1}
      offset: {x: 0, y: 0}
      rotation: 0
      justify: 0
      localPivot: {x: 0.020094126, y: 0.016867723}
      localSize: {x: 0, y: 0}
      anchor: 9
    _mat: {fileID: 2100000, guid: e6859807ea7dd6a4fb727b488a8dc474, type: 2}
    manualUV: 0
    elementGroup: -1
    textureGroup: -1
  - _indices: 3f0000004000000041000000
    _distinctIndices: 3f0000004000000041000000
    _edges:
    - x: 63
      y: 64
    - x: 64
      y: 65
    - x: 65
      y: 63
    _smoothingGroup: 0
    _uv:
      useWorldSpace: 0
      flipU: 0
      flipV: 0
      swapUV: 0
      fill: 1
      scale: {x: 1, y: 1}
      offset: {x: 0, y: 0}
      rotation: 0
      justify: 0
      localPivot: {x: 0.020094126, y: 0.016867723}
      localSize: {x: 0, y: 0}
      anchor: 9
    _mat: {fileID: 2100000, guid: e6859807ea7dd6a4fb727b488a8dc474, type: 2}
    manualUV: 0
    elementGroup: -1
    textureGroup: -1
  - _indices: 420000004300000044000000
    _distinctIndices: 420000004300000044000000
    _edges:
    - x: 66
      y: 67
    - x: 67
      y: 68
    - x: 68
      y: 66
    _smoothingGroup: 0
    _uv:
      useWorldSpace: 0
      flipU: 0
      flipV: 0
      swapUV: 0
      fill: 1
      scale: {x: 1, y: 1}
      offset: {x: 0, y: 0}
      rotation: 0
      justify: 0
      localPivot: {x: -0.020094201, y: 0.016867723}
      localSize: {x: 0, y: 0}
      anchor: 9
    _mat: {fileID: 2100000, guid: e6859807ea7dd6a4fb727b488a8dc474, type: 2}
    manualUV: 0
    elementGroup: -1
    textureGroup: -1
  - _indices: 450000004600000047000000
    _distinctIndices: 450000004600000047000000
    _edges:
    - x: 69
      y: 70
    - x: 70
      y: 71
    - x: 71
      y: 69
    _smoothingGroup: 0
    _uv:
      useWorldSpace: 0
      flipU: 0
      flipV: 0
      swapUV: 0
      fill: 1
      scale: {x: 1, y: 1}
      offset: {x: 0, y: 0}
      rotation: 0
      justify: 0
      localPivot: {x: -0.020094201, y: 0.016867723}
      localSize: {x: 0, y: 0}
      anchor: 9
    _mat: {fileID: 2100000, guid: e6859807ea7dd6a4fb727b488a8dc474, type: 2}
    manualUV: 0
    elementGroup: -1
    textureGroup: -1
  - _indices: 48000000490000004a000000
    _distinctIndices: 48000000490000004a000000
    _edges:
    - x: 72
      y: 73
    - x: 73
      y: 74
    - x: 74
      y: 72
    _smoothingGroup: 0
    _uv:
      useWorldSpace: 0
      flipU: 0
      flipV: 0
      swapUV: 0
      fill: 1
      scale: {x: 1, y: 1}
      offset: {x: 0, y: 0}
      rotation: 0
      justify: 0
      localPivot: {x: -0.0043847263, y: 0.016867723}
      localSize: {x: 0, y: 0}
      anchor: 9
    _mat: {fileID: 2100000, guid: e6859807ea7dd6a4fb727b488a8dc474, type: 2}
    manualUV: 0
    elementGroup: -1
    textureGroup: -1
  - _indices: 4b0000004c0000004d000000
    _distinctIndices: 4b0000004c0000004d000000
    _edges:
    - x: 75
      y: 76
    - x: 76
      y: 77
    - x: 77
      y: 75
    _smoothingGroup: 0
    _uv:
      useWorldSpace: 0
      flipU: 0
      flipV: 0
      swapUV: 0
      fill: 1
      scale: {x: 1, y: 1}
      offset: {x: 0, y: 0}
      rotation: 0
      justify: 0
      localPivot: {x: -0.0043847263, y: 0.016867723}
      localSize: {x: 0, y: 0}
      anchor: 9
    _mat: {fileID: 2100000, guid: e6859807ea7dd6a4fb727b488a8dc474, type: 2}
    manualUV: 0
    elementGroup: -1
    textureGroup: -1
  - _indices: 4e0000004f00000050000000
    _distinctIndices: 4e0000004f00000050000000
    _edges:
    - x: 78
      y: 79
    - x: 79
      y: 80
    - x: 80
      y: 78
    _smoothingGroup: 0
    _uv:
      useWorldSpace: 0
      flipU: 0
      flipV: 0
      swapUV: 0
      fill: 1
      scale: {x: 1, y: 1}
      offset: {x: 0, y: 0}
      rotation: 0
      justify: 0
      localPivot: {x: 0.016081288, y: 0.016867723}
      localSize: {x: 0, y: 0}
      anchor: 9
    _mat: {fileID: 2100000, guid: e6859807ea7dd6a4fb727b488a8dc474, type: 2}
    manualUV: 0
    elementGroup: -1
    textureGroup: -1
  - _indices: 510000005200000053000000
    _distinctIndices: 510000005200000053000000
    _edges:
    - x: 81
      y: 82
    - x: 82
      y: 83
    - x: 83
      y: 81
    _smoothingGroup: 0
    _uv:
      useWorldSpace: 0
      flipU: 0
      flipV: 0
      swapUV: 0
      fill: 1
      scale: {x: 1, y: 1}
      offset: {x: 0, y: 0}
      rotation: 0
      justify: 0
      localPivot: {x: 0.016081288, y: 0.016867723}
      localSize: {x: 0, y: 0}
      anchor: 9
    _mat: {fileID: 2100000, guid: e6859807ea7dd6a4fb727b488a8dc474, type: 2}
    manualUV: 0
    elementGroup: -1
    textureGroup: -1
  - _indices: 540000005500000056000000
    _distinctIndices: 540000005500000056000000
    _edges:
    - x: 84
      y: 85
    - x: 85
      y: 86
    - x: 86
      y: 84
    _smoothingGroup: 0
    _uv:
      useWorldSpace: 0
      flipU: 0
      flipV: 0
      swapUV: 0
      fill: 1
      scale: {x: 1, y: 1}
      offset: {x: 0, y: 0}
      rotation: 0
      justify: 0
      localPivot: {x: -0.2749119, y: -0.17511761}
      localSize: {x: 0, y: 0}
      anchor: 9
    _mat: {fileID: 2100000, guid: e6859807ea7dd6a4fb727b488a8dc474, type: 2}
    manualUV: 0
    elementGroup: -1
    textureGroup: -1
  - _indices: 570000005800000059000000
    _distinctIndices: 570000005800000059000000
    _edges:
    - x: 87
      y: 88
    - x: 88
      y: 89
    - x: 89
      y: 87
    _smoothingGroup: 0
    _uv:
      useWorldSpace: 0
      flipU: 0
      flipV: 0
      swapUV: 0
      fill: 1
      scale: {x: 1, y: 1}
      offset: {x: 0, y: 0}
      rotation: 0
      justify: 0
      localPivot: {x: -0.349913, y: -0.16889086}
      localSize: {x: 0, y: 0}
      anchor: 9
    _mat: {fileID: 2100000, guid: e6859807ea7dd6a4fb727b488a8dc474, type: 2}
    manualUV: 0
    elementGroup: -1
    textureGroup: -1
  - _indices: 5a0000005b0000005c000000
    _distinctIndices: 5a0000005b0000005c000000
    _edges:
    - x: 90
      y: 91
    - x: 91
      y: 92
    - x: 92
      y: 90
    _smoothingGroup: 0
    _uv:
      useWorldSpace: 0
      flipU: 0
      flipV: 0
      swapUV: 0
      fill: 1
      scale: {x: 1, y: 1}
      offset: {x: 0, y: 0}
      rotation: 0
      justify: 0
      localPivot: {x: -0.0043847263, y: -0.39948565}
      localSize: {x: 0, y: 0}
      anchor: 9
    _mat: {fileID: 2100000, guid: e6859807ea7dd6a4fb727b488a8dc474, type: 2}
    manualUV: 0
    elementGroup: -1
    textureGroup: -1
  - _indices: 5d0000005e0000005f000000
    _distinctIndices: 5d0000005e0000005f000000
    _edges:
    - x: 93
      y: 94
    - x: 94
      y: 95
    - x: 95
      y: 93
    _smoothingGroup: 0
    _uv:
      useWorldSpace: 0
      flipU: 0
      flipV: 0
      swapUV: 0
      fill: 1
      scale: {x: 1, y: 1}
      offset: {x: 0, y: 0}
      rotation: 0
      justify: 0
      localPivot: {x: -0.027734019, y: -0.39948568}
      localSize: {x: 0, y: 0}
      anchor: 9
    _mat: {fileID: 2100000, guid: e6859807ea7dd6a4fb727b488a8dc474, type: 2}
    manualUV: 0
    elementGroup: -1
    textureGroup: -1
  - _indices: 600000006100000062000000
    _distinctIndices: 600000006100000062000000
    _edges:
    - x: 96
      y: 97
    - x: 97
      y: 98
    - x: 98
      y: 96
    _smoothingGroup: 0
    _uv:
      useWorldSpace: 0
      flipU: 0
      flipV: 0
      swapUV: 0
      fill: 1
      scale: {x: 1, y: 1}
      offset: {x: 0, y: 0}
      rotation: 0
      justify: 0
      localPivot: {x: 0.31402144, y: -0.17509833}
      localSize: {x: 0, y: 0}
      anchor: 9
    _mat: {fileID: 2100000, guid: e6859807ea7dd6a4fb727b488a8dc474, type: 2}
    manualUV: 0
    elementGroup: -1
    textureGroup: -1
  - _indices: 630000006400000065000000
    _distinctIndices: 630000006400000065000000
    _edges:
    - x: 99
      y: 100
    - x: 100
      y: 101
    - x: 101
      y: 99
    _smoothingGroup: 0
    _uv:
      useWorldSpace: 0
      flipU: 0
      flipV: 0
      swapUV: 0
      fill: 1
      scale: {x: 1, y: 1}
      offset: {x: 0, y: 0}
      rotation: 0
      justify: 0
      localPivot: {x: 0.31404287, y: -0.23051593}
      localSize: {x: 0, y: 0}
      anchor: 9
    _mat: {fileID: 2100000, guid: e6859807ea7dd6a4fb727b488a8dc474, type: 2}
    manualUV: 0
    elementGroup: -1
    textureGroup: -1
  - _indices: 660000006700000068000000
    _distinctIndices: 660000006700000068000000
    _edges:
    - x: 102
      y: 103
    - x: 103
      y: 104
    - x: 104
      y: 102
    _smoothingGroup: 0
    _uv:
      useWorldSpace: 0
      flipU: 0
      flipV: 0
      swapUV: 0
      fill: 1
      scale: {x: 1, y: 1}
      offset: {x: 0, y: 0}
      rotation: 0
      justify: 0
      localPivot: {x: -0.32025936, y: 0.1750992}
      localSize: {x: 0, y: 0}
      anchor: 9
    _mat: {fileID: 2100000, guid: e6859807ea7dd6a4fb727b488a8dc474, type: 2}
    manualUV: 0
    elementGroup: -1
    textureGroup: -1
  - _indices: 690000006a0000006b000000
    _distinctIndices: 690000006a0000006b000000
    _edges:
    - x: 105
      y: 106
    - x: 106
      y: 107
    - x: 107
      y: 105
    _smoothingGroup: 0
    _uv:
      useWorldSpace: 0
      flipU: 0
      flipV: 0
      swapUV: 0
      fill: 1
      scale: {x: 1, y: 1}
      offset: {x: 0, y: 0}
      rotation: 0
      justify: 0
      localPivot: {x: -0.32028183, y: 0.23051672}
      localSize: {x: 0, y: 0}
      anchor: 9
    _mat: {fileID: 2100000, guid: e6859807ea7dd6a4fb727b488a8dc474, type: 2}
    manualUV: 0
    elementGroup: -1
    textureGroup: -1
  - _indices: 6c0000006d0000006e000000
    _distinctIndices: 6c0000006d0000006e000000
    _edges:
    - x: 108
      y: 109
    - x: 109
      y: 110
    - x: 110
      y: 108
    _smoothingGroup: 0
    _uv:
      useWorldSpace: 0
      flipU: 0
      flipV: 0
      swapUV: 0
      fill: 1
      scale: {x: 1, y: 1}
      offset: {x: 0, y: 0}
      rotation: 0
      justify: 0
      localPivot: {x: -0.004384719, y: 0.39948577}
      localSize: {x: 0, y: 0}
      anchor: 9
    _mat: {fileID: 2100000, guid: e6859807ea7dd6a4fb727b488a8dc474, type: 2}
    manualUV: 0
    elementGroup: -1
    textureGroup: -1
  - _indices: 6f0000007000000071000000
    _distinctIndices: 6f0000007000000071000000
    _edges:
    - x: 111
      y: 112
    - x: 112
      y: 113
    - x: 113
      y: 111
    _smoothingGroup: 0
    _uv:
      useWorldSpace: 0
      flipU: 0
      flipV: 0
      swapUV: 0
      fill: 1
      scale: {x: 1, y: 1}
      offset: {x: 0, y: 0}
      rotation: 0
      justify: 0
      localPivot: {x: 0.021502197, y: 0.39948577}
      localSize: {x: 0, y: 0}
      anchor: 9
    _mat: {fileID: 2100000, guid: e6859807ea7dd6a4fb727b488a8dc474, type: 2}
    manualUV: 0
    elementGroup: -1
    textureGroup: -1
  - _indices: 720000007300000074000000
    _distinctIndices: 720000007300000074000000
    _edges:
    - x: 114
      y: 115
    - x: 115
      y: 116
    - x: 116
      y: 114
    _smoothingGroup: 0
    _uv:
      useWorldSpace: 0
      flipU: 0
      flipV: 0
      swapUV: 0
      fill: 1
      scale: {x: 1, y: 1}
      offset: {x: 0, y: 0}
      rotation: 0
      justify: 0
      localPivot: {x: 0.2658776, y: 0.17503788}
      localSize: {x: 0, y: 0}
      anchor: 9
    _mat: {fileID: 2100000, guid: e6859807ea7dd6a4fb727b488a8dc474, type: 2}
    manualUV: 0
    elementGroup: -1
    textureGroup: -1
  - _indices: 750000007600000077000000
    _distinctIndices: 750000007600000077000000
    _edges:
    - x: 117
      y: 118
    - x: 118
      y: 119
    - x: 119
      y: 117
    _smoothingGroup: 0
    _uv:
      useWorldSpace: 0
      flipU: 0
      flipV: 0
      swapUV: 0
      fill: 1
      scale: {x: 1, y: 1}
      offset: {x: 0, y: 0}
      rotation: 0
      justify: 0
      localPivot: {x: 0.38644093, y: 0.16880225}
      localSize: {x: 0, y: 0}
      anchor: 9
    _mat: {fileID: 2100000, guid: e6859807ea7dd6a4fb727b488a8dc474, type: 2}
    manualUV: 0
    elementGroup: -1
    textureGroup: -1
  - _indices: 78000000790000007a000000
    _distinctIndices: 78000000790000007a000000
    _edges:
    - x: 120
      y: 121
    - x: 121
      y: 122
    - x: 122
      y: 120
    _smoothingGroup: 0
    _uv:
      useWorldSpace: 0
      flipU: 0
      flipV: 0
      swapUV: 0
      fill: 1
      scale: {x: 1, y: 1}
      offset: {x: 0, y: 0}
      rotation: 0
      justify: 0
      localPivot: {x: 0.40407547, y: -0.000089123845}
      localSize: {x: 0, y: 0}
      anchor: 9
    _mat: {fileID: 2100000, guid: e6859807ea7dd6a4fb727b488a8dc474, type: 2}
    manualUV: 0
    elementGroup: -1
    textureGroup: -1
  - _indices: 7b0000007c0000007d000000
    _distinctIndices: 7b0000007c0000007d000000
    _edges:
    - x: 123
      y: 124
    - x: 124
      y: 125
    - x: 125
      y: 123
    _smoothingGroup: 0
    _uv:
      useWorldSpace: 0
      flipU: 0
      flipV: 0
      swapUV: 0
      fill: 1
      scale: {x: 1, y: 1}
      offset: {x: 0, y: 0}
      rotation: 0
      justify: 0
      localPivot: {x: 0.22510129, y: 0.39324677}
      localSize: {x: 0, y: 0}
      anchor: 9
    _mat: {fileID: 2100000, guid: e6859807ea7dd6a4fb727b488a8dc474, type: 2}
    manualUV: 0
    elementGroup: -1
    textureGroup: -1
  - _indices: 7e0000007f00000080000000
    _distinctIndices: 7e0000007f00000080000000
    _edges:
    - x: 126
      y: 127
    - x: 127
      y: 128
    - x: 128
      y: 126
    _smoothingGroup: 0
    _uv:
      useWorldSpace: 0
      flipU: 0
      flipV: 0
      swapUV: 0
      fill: 1
      scale: {x: 1, y: 1}
      offset: {x: 0, y: 0}
      rotation: 0
      justify: 0
      localPivot: {x: -0.22901478, y: 0.3932091}
      localSize: {x: 0, y: 0}
      anchor: 9
    _mat: {fileID: 2100000, guid: e6859807ea7dd6a4fb727b488a8dc474, type: 2}
    manualUV: 0
    elementGroup: -1
    textureGroup: -1
  - _indices: 810000008200000083000000
    _distinctIndices: 810000008200000083000000
    _edges:
    - x: 129
      y: 130
    - x: 130
      y: 131
    - x: 131
      y: 129
    _smoothingGroup: 0
    _uv:
      useWorldSpace: 0
      flipU: 0
      flipV: 0
      swapUV: 0
      fill: 1
      scale: {x: 1, y: 1}
      offset: {x: 0, y: 0}
      rotation: 0
      justify: 0
      localPivot: {x: -0.41045088, y: -0.000029299408}
      localSize: {x: 0, y: 0}
      anchor: 9
    _mat: {fileID: 2100000, guid: e6859807ea7dd6a4fb727b488a8dc474, type: 2}
    manualUV: 0
    elementGroup: -1
    textureGroup: -1
  - _indices: 840000008500000086000000
    _distinctIndices: 840000008500000086000000
    _edges:
    - x: 132
      y: 133
    - x: 133
      y: 134
    - x: 134
      y: 132
    _smoothingGroup: 0
    _uv:
      useWorldSpace: 0
      flipU: 0
      flipV: 0
      swapUV: 0
      fill: 1
      scale: {x: 1, y: 1}
      offset: {x: 0, y: 0}
      rotation: 0
      justify: 0
      localPivot: {x: -0.2089011, y: -0.39315832}
      localSize: {x: 0, y: 0}
      anchor: 9
    _mat: {fileID: 2100000, guid: e6859807ea7dd6a4fb727b488a8dc474, type: 2}
    manualUV: 0
    elementGroup: -1
    textureGroup: -1
  - _indices: 870000008800000089000000
    _distinctIndices: 870000008800000089000000
    _edges:
    - x: 135
      y: 136
    - x: 136
      y: 137
    - x: 137
      y: 135
    _smoothingGroup: 0
    _uv:
      useWorldSpace: 0
      flipU: 0
      flipV: 0
      swapUV: 0
      fill: 1
      scale: {x: 1, y: 1}
      offset: {x: 0, y: 0}
      rotation: 0
      justify: 0
      localPivot: {x: 0.22530937, y: -0.39321494}
      localSize: {x: 0, y: 0}
      anchor: 9
    _mat: {fileID: 2100000, guid: e6859807ea7dd6a4fb727b488a8dc474, type: 2}
    manualUV: 0
    elementGroup: -1
    textureGroup: -1
  - _indices: 8a0000008b0000008c000000
    _distinctIndices: 8a0000008b0000008c000000
    _edges:
    - x: 138
      y: 139
    - x: 139
      y: 140
    - x: 140
      y: 138
    _smoothingGroup: 0
    _uv:
      useWorldSpace: 0
      flipU: 0
      flipV: 0
      swapUV: 0
      fill: 1
      scale: {x: 1, y: 1}
      offset: {x: 0, y: 0}
      rotation: 0
      justify: 0
      localPivot: {x: -0.04657679, y: 0.09902332}
      localSize: {x: 0, y: 0}
      anchor: 9
    _mat: {fileID: 2100000, guid: e6859807ea7dd6a4fb727b488a8dc474, type: 2}
    manualUV: 0
    elementGroup: 0
    textureGroup: -1
  - _indices: 8d0000008e0000008f000000
    _distinctIndices: 8d0000008e0000008f000000
    _edges:
    - x: 141
      y: 142
    - x: 142
      y: 143
    - x: 143
      y: 141
    _smoothingGroup: 0
    _uv:
      useWorldSpace: 0
      flipU: 0
      flipV: 0
      swapUV: 0
      fill: 1
      scale: {x: 1, y: 1}
      offset: {x: 0, y: 0}
      rotation: 0
      justify: 0
      localPivot: {x: -0.04657679, y: 0.000000044703484}
      localSize: {x: 0, y: 0}
      anchor: 9
    _mat: {fileID: 2100000, guid: e6859807ea7dd6a4fb727b488a8dc474, type: 2}
    manualUV: 0
    elementGroup: 0
    textureGroup: -1
  - _indices: 900000009100000092000000
    _distinctIndices: 900000009100000092000000
    _edges:
    - x: 144
      y: 145
    - x: 145
      y: 146
    - x: 146
      y: 144
    _smoothingGroup: 0
    _uv:
      useWorldSpace: 0
      flipU: 0
      flipV: 0
      swapUV: 0
      fill: 1
      scale: {x: 1, y: 1}
      offset: {x: 0, y: 0}
      rotation: 0
      justify: 0
      localPivot: {x: 0.055346258, y: 0.000000044703484}
      localSize: {x: 0, y: 0}
      anchor: 9
    _mat: {fileID: 2100000, guid: e6859807ea7dd6a4fb727b488a8dc474, type: 2}
    manualUV: 0
    elementGroup: 0
    textureGroup: -1
  - _indices: 930000009400000095000000
    _distinctIndices: 930000009400000095000000
    _edges:
    - x: 147
      y: 148
    - x: 148
      y: 149
    - x: 149
      y: 147
    _smoothingGroup: 0
    _uv:
      useWorldSpace: 0
      flipU: 0
      flipV: 0
      swapUV: 0
      fill: 1
      scale: {x: 1, y: 1}
      offset: {x: 0, y: 0}
      rotation: 0
      justify: 0
      localPivot: {x: 0.055346258, y: -0.09902324}
      localSize: {x: 0, y: 0}
      anchor: 9
    _mat: {fileID: 2100000, guid: e6859807ea7dd6a4fb727b488a8dc474, type: 2}
    manualUV: 0
    elementGroup: 0
    textureGroup: -1
  - _indices: 960000009700000098000000
    _distinctIndices: 960000009700000098000000
    _edges:
    - x: 150
      y: 151
    - x: 151
      y: 152
    - x: 152
      y: 150
    _smoothingGroup: 0
    _uv:
      useWorldSpace: 0
      flipU: 0
      flipV: 0
      swapUV: 0
      fill: 1
      scale: {x: 1, y: 1}
      offset: {x: 0, y: 0}
      rotation: 0
      justify: 0
      localPivot: {x: 0.02465871, y: -0.060898356}
      localSize: {x: 0, y: 0}
      anchor: 9
    _mat: {fileID: 2100000, guid: e6859807ea7dd6a4fb727b488a8dc474, type: 2}
    manualUV: 0
    elementGroup: -1
    textureGroup: -1
  - _indices: 990000009a0000009b000000
    _distinctIndices: 990000009a0000009b000000
    _edges:
    - x: 153
      y: 154
    - x: 154
      y: 155
    - x: 155
      y: 153
    _smoothingGroup: 0
    _uv:
      useWorldSpace: 0
      flipU: 0
      flipV: 0
      swapUV: 0
      fill: 1
      scale: {x: 1, y: 1}
      offset: {x: 0, y: 0}
      rotation: 0
      justify: 0
      localPivot: {x: 0.045200866, y: -0.051478334}
      localSize: {x: 0, y: 0}
      anchor: 9
    _mat: {fileID: 2100000, guid: e6859807ea7dd6a4fb727b488a8dc474, type: 2}
    manualUV: 0
    elementGroup: -1
    textureGroup: -1
  - _indices: 9c0000009d0000009e000000
    _distinctIndices: 9c0000009d0000009e000000
    _edges:
    - x: 156
      y: 157
    - x: 157
      y: 158
    - x: 158
      y: 156
    _smoothingGroup: 0
    _uv:
      useWorldSpace: 0
      flipU: 0
      flipV: 0
      swapUV: 0
      fill: 1
      scale: {x: 1, y: 1}
      offset: {x: 0, y: 0}
      rotation: 0
      justify: 0
      localPivot: {x: -0.0043847486, y: -0.0532578}
      localSize: {x: 0, y: 0}
      anchor: 9
    _mat: {fileID: 2100000, guid: e6859807ea7dd6a4fb727b488a8dc474, type: 2}
    manualUV: 0
    elementGroup: -1
    textureGroup: -1
  - _indices: 9f000000a0000000a1000000
    _distinctIndices: 9f000000a0000000a1000000
    _edges:
    - x: 159
      y: 160
    - x: 160
      y: 161
    - x: 161
      y: 159
    _smoothingGroup: 0
    _uv:
      useWorldSpace: 0
      flipU: 0
      flipV: 0
      swapUV: 0
      fill: 1
      scale: {x: 1, y: 1}
      offset: {x: 0, y: 0}
      rotation: 0
      justify: 0
      localPivot: {x: 0.010707162, y: -0.053257816}
      localSize: {x: 0, y: 0}
      anchor: 9
    _mat: {fileID: 2100000, guid: e6859807ea7dd6a4fb727b488a8dc474, type: 2}
    manualUV: 0
    elementGroup: -1
    textureGroup: -1
  - _indices: a2000000a3000000a4000000
    _distinctIndices: a2000000a3000000a4000000
    _edges:
    - x: 162
      y: 163
    - x: 163
      y: 164
    - x: 164
      y: 162
    _smoothingGroup: 0
    _uv:
      useWorldSpace: 0
      flipU: 0
      flipV: 0
      swapUV: 0
      fill: 1
      scale: {x: 1, y: 1}
      offset: {x: 0, y: 0}
      rotation: 0
      justify: 0
      localPivot: {x: -0.028671637, y: -0.05159717}
      localSize: {x: 0, y: 0}
      anchor: 9
    _mat: {fileID: 2100000, guid: e6859807ea7dd6a4fb727b488a8dc474, type: 2}
    manualUV: 0
    elementGroup: -1
    textureGroup: -1
  - _indices: a5000000a6000000a7000000
    _distinctIndices: a5000000a6000000a7000000
    _edges:
    - x: 165
      y: 166
    - x: 166
      y: 167
    - x: 167
      y: 165
    _smoothingGroup: 0
    _uv:
      useWorldSpace: 0
      flipU: 0
      flipV: 0
      swapUV: 0
      fill: 1
      scale: {x: 1, y: 1}
      offset: {x: 0, y: 0}
      rotation: 0
      justify: 0
      localPivot: {x: -0.023573034, y: -0.06053482}
      localSize: {x: 0, y: 0}
      anchor: 9
    _mat: {fileID: 2100000, guid: e6859807ea7dd6a4fb727b488a8dc474, type: 2}
    manualUV: 0
    elementGroup: -1
    textureGroup: -1
  - _indices: a8000000a9000000aa000000
    _distinctIndices: a8000000a9000000aa000000
    _edges:
    - x: 168
      y: 169
    - x: 169
      y: 170
    - x: 170
      y: 168
    _smoothingGroup: 0
    _uv:
      useWorldSpace: 0
      flipU: 0
      flipV: 0
      swapUV: 0
      fill: 1
      scale: {x: 1, y: 1}
      offset: {x: 0, y: 0}
      rotation: 0
      justify: 0
      localPivot: {x: 0.028671697, y: -0.05891168}
      localSize: {x: 0, y: 0}
      anchor: 9
    _mat: {fileID: 2100000, guid: e6859807ea7dd6a4fb727b488a8dc474, type: 2}
    manualUV: 0
    elementGroup: -1
    textureGroup: -1
  - _indices: ab000000ac000000ad000000
    _distinctIndices: ab000000ac000000ad000000
    _edges:
    - x: 171
      y: 172
    - x: 172
      y: 173
    - x: 173
      y: 171
    _smoothingGroup: 0
    _uv:
      useWorldSpace: 0
      flipU: 0
      flipV: 0
      swapUV: 0
      fill: 1
      scale: {x: 1, y: 1}
      offset: {x: 0, y: 0}
      rotation: 0
      justify: 0
      localPivot: {x: 0.048996978, y: -0.049760573}
      localSize: {x: 0, y: 0}
      anchor: 9
    _mat: {fileID: 2100000, guid: e6859807ea7dd6a4fb727b488a8dc474, type: 2}
    manualUV: 0
    elementGroup: -1
    textureGroup: -1
  - _indices: ae000000af000000b0000000
    _distinctIndices: ae000000af000000b0000000
    _edges:
    - x: 174
      y: 175
    - x: 175
      y: 176
    - x: 176
      y: 174
    _smoothingGroup: 0
    _uv:
      useWorldSpace: 0
      flipU: 0
      flipV: 0
      swapUV: 0
      fill: 1
      scale: {x: 1, y: 1}
      offset: {x: 0, y: 0}
      rotation: 0
      justify: 0
      localPivot: {x: 0.0043847337, y: -0.05325774}
      localSize: {x: 0, y: 0}
      anchor: 9
    _mat: {fileID: 2100000, guid: e6859807ea7dd6a4fb727b488a8dc474, type: 2}
    manualUV: 0
    elementGroup: -1
    textureGroup: -1
  - _indices: b1000000b2000000b3000000
    _distinctIndices: b1000000b2000000b3000000
    _edges:
    - x: 177
      y: 178
    - x: 178
      y: 179
    - x: 179
      y: 177
    _smoothingGroup: 0
    _uv:
      useWorldSpace: 0
      flipU: 0
      flipV: 0
      swapUV: 0
      fill: 1
      scale: {x: 1, y: 1}
      offset: {x: 0, y: 0}
      rotation: 0
      justify: 0
      localPivot: {x: 0.019476704, y: -0.05325769}
      localSize: {x: 0, y: 0}
      anchor: 9
    _mat: {fileID: 2100000, guid: e6859807ea7dd6a4fb727b488a8dc474, type: 2}
    manualUV: 0
    elementGroup: -1
    textureGroup: -1
  - _indices: b4000000b5000000b6000000
    _distinctIndices: b4000000b5000000b6000000
    _edges:
    - x: 180
      y: 181
    - x: 181
      y: 182
    - x: 182
      y: 180
    _smoothingGroup: 0
    _uv:
      useWorldSpace: 0
      flipU: 0
      flipV: 0
      swapUV: 0
      fill: 1
      scale: {x: 1, y: 1}
      offset: {x: 0, y: 0}
      rotation: 0
      justify: 0
      localPivot: {x: -0.024658747, y: -0.05331506}
      localSize: {x: 0, y: 0}
      anchor: 9
    _mat: {fileID: 2100000, guid: e6859807ea7dd6a4fb727b488a8dc474, type: 2}
    manualUV: 0
    elementGroup: -1
    textureGroup: -1
  - _indices: b7000000b8000000b9000000
    _distinctIndices: b7000000b8000000b9000000
    _edges:
    - x: 183
      y: 184
    - x: 184
      y: 185
    - x: 185
      y: 183
    _smoothingGroup: 0
    _uv:
      useWorldSpace: 0
      flipU: 0
      flipV: 0
      swapUV: 0
      fill: 1
      scale: {x: 1, y: 1}
      offset: {x: 0, y: 0}
      rotation: 0
      justify: 0
      localPivot: {x: -0.019777067, y: -0.06257499}
      localSize: {x: 0, y: 0}
      anchor: 9
    _mat: {fileID: 2100000, guid: e6859807ea7dd6a4fb727b488a8dc474, type: 2}
    manualUV: 0
    elementGroup: -1
    textureGroup: -1
  _sharedIndices:
  - array: 000000001f0000002100000098000000b5000000b9000000
  - array: 02000000050000002200000055000000590000006800000083000000
  - array: 010000000300000006000000970000009b0000009e000000
  - array: 04000000080000000b000000560000005b0000005f00000086000000
  - array: 07000000090000000c0000009d000000a1000000a4000000
  - array: 0a0000000e000000110000005c000000610000006500000089000000
  - array: 0d0000000f00000012000000a3000000a7000000aa000000
  - array: 10000000140000001700000062000000730000007700000078000000
  - array: 130000001500000018000000a9000000ad000000b0000000
  - array: 160000001a0000001d0000006d00000071000000740000007b000000
  - array: 190000001b0000001e000000af000000b3000000b6000000
  - array: 1c0000002000000023000000670000006b0000006e00000080000000
  - array: 2500000029000000300000003300000052000000
  - array: 2400000034000000370000003b000000
  - array: 26000000280000002a000000380000003c0000003f000000
  - array: 2c0000002f000000400000004200000045000000
  - array: 2e00000046000000490000004d000000
  - array: 270000002b0000002d0000004a0000004e00000051000000
  - array: 320000004f000000530000009000000094000000
  - array: 31000000350000003a00000095000000
  - array: 36000000390000003e0000008f0000009100000093000000
  - array: 3d00000041000000440000008a0000008d000000
  - array: 43000000470000004c0000008b000000
  - array: 480000004b000000500000008c0000008e00000092000000
  - array: 540000005700000085000000
  - array: 5800000081000000
  - array: 5a0000005d00000088000000
  - array: 5e00000084000000
  - array: 60000000630000007a000000
  - array: 6400000087000000
  - array: 660000006900000082000000
  - array: 6a0000007e000000
  - array: 6c0000006f0000007f000000
  - array: 700000007c000000
  - array: 72000000750000007d000000
  - array: 7600000079000000
  - array: 9600000099000000b8000000
  - array: 9a0000009c0000009f000000
  - array: a0000000a2000000a5000000
  - array: a6000000a8000000ab000000
  - array: ac000000ae000000b1000000
  - array: b2000000b4000000b7000000
  _vertices:
  - {x: 0.3048978, y: -0.100481935, z: -0.000000035287734}
  - {x: 0.15464127, y: -0.100481935, z: -0.29196328}
  - {x: 0.36464125, y: 0.016867742, z: -0.00000004700643}
  - {x: 0.15464127, y: -0.100481935, z: -0.29196328}
  - {x: 0.184513, y: 0.016867742, z: -0.350007}
  - {x: 0.36464125, y: 0.016867742, z: -0.00000004700643}
  - {x: 0.15464127, y: -0.100481935, z: -0.29196328}
  - {x: -0.14587177, y: -0.100481935, z: -0.29196328}
  - {x: 0.184513, y: 0.016867742, z: -0.350007}
  - {x: -0.14587177, y: -0.100481935, z: -0.29196328}
  - {x: -0.17574355, y: 0.016867742, z: -0.350007}
  - {x: 0.184513, y: 0.016867742, z: -0.350007}
  - {x: -0.14587177, y: -0.100481935, z: -0.29196328}
  - {x: -0.29612827, y: -0.100481935, z: 0.000000053130833}
  - {x: -0.17574355, y: 0.016867742, z: -0.350007}
  - {x: -0.29612827, y: -0.100481935, z: 0.000000053130833}
  - {x: -0.35587174, y: 0.016867742, z: 0.00000005899018}
  - {x: -0.17574355, y: 0.016867742, z: -0.350007}
  - {x: -0.29612827, y: -0.100481935, z: 0.000000053130833}
  - {x: -0.14587177, y: -0.100481935, z: 0.29196334}
  - {x: -0.35587174, y: 0.016867742, z: 0.00000005899018}
  - {x: -0.14587177, y: -0.100481935, z: 0.29196334}
  - {x: -0.1757435, y: 0.016867742, z: 0.35000706}
  - {x: -0.35587174, y: 0.016867742, z: 0.00000005899018}
  - {x: -0.14587177, y: -0.100481935, z: 0.29196334}
  - {x: 0.15464124, y: -0.100481935, z: 0.29196334}
  - {x: -0.1757435, y: 0.016867742, z: 0.35000706}
  - {x: 0.15464124, y: -0.100481935, z: 0.29196334}
  - {x: 0.18451294, y: 0.016867742, z: 0.35000706}
  - {x: -0.1757435, y: 0.016867742, z: 0.35000706}
  - {x: 0.15464124, y: -0.100481935, z: 0.29196334}
  - {x: 0.3048978, y: -0.100481935, z: -0.000000035287734}
  - {x: 0.18451294, y: 0.016867742, z: 0.35000706}
  - {x: 0.3048978, y: -0.100481935, z: -0.000000035287734}
  - {x: 0.36464125, y: 0.016867742, z: -0.00000004700643}
  - {x: 0.18451294, y: 0.016867742, z: 0.35000706}
  - {x: 0.10630778, y: -0.055658333, z: -0.1980465}
  - {x: 0.20823081, y: -0.055658333, z: 0.000000023657977}
  - {x: -0.09753829, y: -0.055658333, z: -0.1980465}
  - {x: 0.106307745, y: -0.055658333, z: 0.1980466}
  - {x: -0.09753829, y: -0.055658333, z: -0.1980465}
  - {x: 0.20823081, y: -0.055658333, z: 0.000000023657977}
  - {x: -0.09753829, y: -0.055658333, z: -0.1980465}
  - {x: 0.106307745, y: -0.055658333, z: 0.1980466}
  - {x: -0.19946133, y: -0.055658333, z: 0.000000043650207}
  - {x: 0.106307745, y: -0.055658333, z: 0.1980466}
  - {x: -0.09753829, y: -0.055658333, z: 0.1980466}
  - {x: -0.19946133, y: -0.055658333, z: 0.000000043650207}
  - {x: 0.20823081, y: -0.055658333, z: 0.000000023657977}
  - {x: 0.10630778, y: 0.08939378, z: -0.1980465}
  - {x: 0.20823081, y: 0.08939378, z: 0.000000023657977}
  - {x: 0.20823081, y: -0.055658333, z: 0.000000023657977}
  - {x: 0.10630778, y: -0.055658333, z: -0.1980465}
  - {x: 0.10630778, y: 0.08939378, z: -0.1980465}
  - {x: -0.09753829, y: 0.08939378, z: -0.1980465}
  - {x: 0.10630778, y: -0.055658333, z: -0.1980465}
  - {x: -0.09753829, y: -0.055658333, z: -0.1980465}
  - {x: -0.09753829, y: 0.08939378, z: -0.1980465}
  - {x: 0.10630778, y: 0.08939378, z: -0.1980465}
  - {x: 0.10630778, y: -0.055658333, z: -0.1980465}
  - {x: -0.09753829, y: -0.055658333, z: -0.1980465}
  - {x: -0.19946133, y: 0.08939378, z: 0.000000043650207}
  - {x: -0.09753829, y: 0.08939378, z: -0.1980465}
  - {x: -0.09753829, y: -0.055658333, z: -0.1980465}
  - {x: -0.19946133, y: -0.055658333, z: 0.000000043650207}
  - {x: -0.19946133, y: 0.08939378, z: 0.000000043650207}
  - {x: -0.19946133, y: -0.055658333, z: 0.000000043650207}
  - {x: -0.09753829, y: 0.08939378, z: 0.1980466}
  - {x: -0.19946133, y: 0.08939378, z: 0.000000043650207}
  - {x: -0.19946133, y: -0.055658333, z: 0.000000043650207}
  - {x: -0.09753829, y: -0.055658333, z: 0.1980466}
  - {x: -0.09753829, y: 0.08939378, z: 0.1980466}
  - {x: 0.106307745, y: 0.08939378, z: 0.1980466}
  - {x: -0.09753829, y: -0.055658333, z: 0.1980466}
  - {x: 0.106307745, y: -0.055658333, z: 0.1980466}
  - {x: 0.106307745, y: 0.08939378, z: 0.1980466}
  - {x: -0.09753829, y: 0.08939378, z: 0.1980466}
  - {x: -0.09753829, y: -0.055658333, z: 0.1980466}
  - {x: 0.106307745, y: -0.055658333, z: 0.1980466}
  - {x: 0.20823081, y: 0.08939378, z: 0.000000023657977}
  - {x: 0.106307745, y: 0.08939378, z: 0.1980466}
  - {x: 0.106307745, y: -0.055658333, z: 0.1980466}
  - {x: 0.20823081, y: -0.055658333, z: 0.000000023657977}
  - {x: 0.20823081, y: 0.08939378, z: 0.000000023657977}
  - {x: 0.28414965, y: 0.01918863, z: -0.33753678}
  - {x: 0.36464125, y: 0.016867742, z: -0.00000004700643}
  - {x: 0.184513, y: 0.016867742, z: -0.350007}
  - {x: 0.28414965, y: 0.01918863, z: -0.33753678}
  - {x: 0.41504163, y: 0.019188568, z: -0.11079909}
  - {x: 0.36464125, y: 0.016867742, z: -0.00000004700643}
  - {x: -0.12904496, y: 0.019188568, z: -0.4483358}
  - {x: 0.184513, y: 0.016867742, z: -0.350007}
  - {x: -0.17574355, y: 0.016867742, z: -0.350007}
  - {x: -0.12904496, y: 0.019188568, z: -0.4483358}
  - {x: 0.13273911, y: 0.0191886, z: -0.4483358}
  - {x: 0.184513, y: 0.016867742, z: -0.350007}
  - {x: -0.45182455, y: 0.0191886, z: -0.11079904}
  - {x: -0.17574355, y: 0.016867742, z: -0.350007}
  - {x: -0.35587174, y: 0.016867742, z: 0.00000005899018}
  - {x: -0.45182455, y: 0.0191886, z: -0.11079904}
  - {x: -0.32093257, y: 0.019188568, z: -0.33753675}
  - {x: -0.17574355, y: 0.016867742, z: -0.350007}
  - {x: 0.4555188, y: 0.019188568, z: 0.11079909}
  - {x: 0.18451294, y: 0.016867742, z: 0.35000706}
  - {x: 0.36464125, y: 0.016867742, z: -0.00000004700643}
  - {x: 0.4555188, y: 0.019188568, z: 0.11079909}
  - {x: 0.32462674, y: 0.019188568, z: 0.3375368}
  - {x: 0.18451294, y: 0.016867742, z: 0.35000706}
  - {x: 0.13273911, y: 0.019188568, z: 0.44833595}
  - {x: -0.1757435, y: 0.016867742, z: 0.35000706}
  - {x: 0.18451294, y: 0.016867742, z: 0.35000706}
  - {x: 0.13273911, y: 0.019188568, z: 0.44833595}
  - {x: -0.12904496, y: 0.019188568, z: 0.44833595}
  - {x: -0.1757435, y: 0.016867742, z: 0.35000706}
  - {x: -0.32093257, y: 0.017463438, z: 0.3375368}
  - {x: -0.35587174, y: 0.016867742, z: 0.00000005899018}
  - {x: -0.1757435, y: 0.016867742, z: 0.35000706}
  - {x: -0.32093257, y: 0.017463438, z: 0.3375368}
  - {x: -0.45182455, y: 0.017463438, z: 0.11079916}
  - {x: -0.35587174, y: 0.016867742, z: 0.00000005899018}
  - {x: -0.35587174, y: 0.016867742, z: 0.00000005899018}
  - {x: -0.45182455, y: 0.017463438, z: 0.11079916}
  - {x: -0.45182455, y: 0.0191886, z: -0.11079904}
  - {x: -0.1757435, y: 0.016867742, z: 0.35000706}
  - {x: -0.12904496, y: 0.019188568, z: 0.44833595}
  - {x: -0.32093257, y: 0.017463438, z: 0.3375368}
  - {x: 0.32462674, y: 0.019188568, z: 0.3375368}
  - {x: 0.13273911, y: 0.019188568, z: 0.44833595}
  - {x: 0.18451294, y: 0.016867742, z: 0.35000706}
  - {x: 0.41504163, y: 0.019188568, z: -0.11079909}
  - {x: 0.4555188, y: 0.019188568, z: 0.11079909}
  - {x: 0.36464125, y: 0.016867742, z: -0.00000004700643}
  - {x: 0.13273911, y: 0.0191886, z: -0.4483358}
  - {x: 0.28414965, y: 0.01918863, z: -0.33753678}
  - {x: 0.184513, y: 0.016867742, z: -0.350007}
  - {x: -0.32093257, y: 0.019188568, z: -0.33753675}
  - {x: -0.12904496, y: 0.019188568, z: -0.4483358}
  - {x: -0.17574355, y: 0.016867742, z: -0.350007}
  - {x: -0.19946133, y: 0.08939378, z: 0.000000043650207}
  - {x: -0.09753829, y: 0.08939378, z: 0.1980466}
  - {x: 0.106307745, y: 0.08939378, z: 0.1980466}
  - {x: -0.19946133, y: 0.08939378, z: 0.000000043650207}
  - {x: 0.106307745, y: 0.08939378, z: 0.1980466}
  - {x: -0.09753829, y: 0.08939378, z: -0.1980465}
  - {x: 0.20823081, y: 0.08939378, z: 0.000000023657977}
  - {x: -0.09753829, y: 0.08939378, z: -0.1980465}
  - {x: 0.106307745, y: 0.08939378, z: 0.1980466}
  - {x: -0.09753829, y: 0.08939378, z: -0.1980465}
  - {x: 0.20823081, y: 0.08939378, z: 0.000000023657977}
  - {x: 0.10630778, y: 0.08939378, z: -0.1980465}
  - {x: 0.24453005, y: 0.10324361, z: 0.000000007958114}
  - {x: 0.15464127, y: -0.100481935, z: -0.29196328}
  - {x: 0.3048978, y: -0.100481935, z: -0.000000035287734}
  - {x: 0.24453005, y: 0.10324361, z: 0.000000007958114}
  - {x: 0.12445742, y: 0.10324355, z: -0.25005108}
  - {x: 0.15464127, y: -0.100481935, z: -0.29196328}
  - {x: 0.12445742, y: 0.10324355, z: -0.25005108}
  - {x: -0.14587177, y: -0.100481935, z: -0.29196328}
  - {x: 0.15464127, y: -0.100481935, z: -0.29196328}
  - {x: 0.12445742, y: 0.10324355, z: -0.25005108}
  - {x: -0.11568789, y: 0.10324349, z: -0.25005108}
  - {x: -0.14587177, y: -0.100481935, z: -0.29196328}
  - {x: -0.11568789, y: 0.10324349, z: -0.25005108}
  - {x: -0.29612827, y: -0.100481935, z: 0.000000053130833}
  - {x: -0.14587177, y: -0.100481935, z: -0.29196328}
  - {x: -0.11568789, y: 0.10324349, z: -0.25005108}
  - {x: -0.23576057, y: 0.10324361, z: 0.000000049290403}
  - {x: -0.29612827, y: -0.100481935, z: 0.000000053130833}
  - {x: -0.23576057, y: 0.10324361, z: 0.000000049290403}
  - {x: -0.14587177, y: -0.100481935, z: 0.29196334}
  - {x: -0.29612827, y: -0.100481935, z: 0.000000053130833}
  - {x: -0.23576057, y: 0.10324361, z: 0.000000049290403}
  - {x: -0.11568789, y: 0.10324361, z: 0.25005117}
  - {x: -0.14587177, y: -0.100481935, z: 0.29196334}
  - {x: -0.11568789, y: 0.10324361, z: 0.25005117}
  - {x: 0.15464124, y: -0.100481935, z: 0.29196334}
  - {x: -0.14587177, y: -0.100481935, z: 0.29196334}
  - {x: -0.11568789, y: 0.10324361, z: 0.25005117}
  - {x: 0.12445737, y: 0.10324361, z: 0.2500512}
  - {x: 0.15464124, y: -0.100481935, z: 0.29196334}
  - {x: 0.12445737, y: 0.10324361, z: 0.2500512}
  - {x: 0.3048978, y: -0.100481935, z: -0.000000035287734}
  - {x: 0.15464124, y: -0.100481935, z: 0.29196334}
  - {x: 0.12445737, y: 0.10324361, z: 0.2500512}
  - {x: 0.24453005, y: 0.10324361, z: 0.000000007958114}
  - {x: 0.3048978, y: -0.100481935, z: -0.000000035287734}
  _uv:
  - {x: 0, y: -0.22825356}
  - {x: -0.7224073, y: -0.22825356}
  - {x: 0, y: 0.000000041962934}
  - {x: -0.7224073, y: -0.22825356}
  - {x: -0.8660254, y: 0.000000041962934}
  - {x: 0, y: 0.000000041962934}
  - {x: 0.41708204, y: -0.22825356}
  - {x: -0.41708213, y: -0.22825356}
  - {x: 0.5, y: 0.000000041962934}
  - {x: -0.41708213, y: -0.22825356}
  - {x: -0.5000001, y: 0.000000041962934}
  - {x: 0.5, y: 0.000000041962934}
  - {x: 0.7224073, y: -0.22825356}
  - {x: -0.00000007292494, y: -0.22825356}
  - {x: 0.8660254, y: 0.000000041962934}
  - {x: -0.00000007292494, y: -0.22825356}
  - {x: -0.00000008742278, y: 0.000000041962934}
  - {x: 0.8660254, y: 0.000000041962934}
  - {x: -0.00000007292494, y: -0.22825356}
  - {x: -0.7224074, y: -0.22825356}
  - {x: -0.00000008742278, y: 0.000000041962934}
  - {x: -0.7224074, y: -0.22825356}
  - {x: -0.8660255, y: 0.000000041962934}
  - {x: -0.00000008742278, y: 0.000000041962934}
  - {x: 0.41708204, y: -0.22825356}
  - {x: -0.41708195, y: -0.22825356}
  - {x: 0.5, y: 0.000000041962934}
  - {x: -0.41708195, y: -0.22825356}
  - {x: -0.49999988, y: 0.000000041962934}
  - {x: 0.5, y: 0.000000041962934}
  - {x: 0.7224074, y: -0.22825356}
  - {x: -0.00000014584988, y: -0.22825356}
  - {x: 0.8660255, y: 0.000000041962934}
  - {x: -0.00000014584988, y: -0.22825356}
  - {x: -0.00000017484555, y: 0.000000041962934}
  - {x: 0.8660255, y: 0.000000041962934}
  - {x: -0.10630778, y: -0.1980465}
  - {x: -0.20823081, y: 0.000000023657977}
  - {x: 0.09753829, y: -0.1980465}
  - {x: -0.106307745, y: 0.1980466}
  - {x: 0.09753829, y: -0.1980465}
  - {x: -0.20823081, y: 0.000000023657977}
  - {x: 0.09753829, y: -0.1980465}
  - {x: -0.106307745, y: 0.1980466}
  - {x: 0.19946133, y: 0.000000043650207}
  - {x: -0.106307745, y: 0.1980466}
  - {x: 0.09753829, y: 0.1980466}
  - {x: 0.19946133, y: 0.000000043650207}
  - {x: 0.0952861, y: -0.055658333}
  - {x: -0.12744857, y: 0.08939378}
  - {x: 0.0952861, y: 0.08939378}
  - {x: 0.0952861, y: -0.055658333}
  - {x: -0.12744857, y: -0.055658333}
  - {x: -0.12744857, y: 0.08939378}
  - {x: -0.09753829, y: 0.08939378}
  - {x: 0.10630778, y: -0.055658333}
  - {x: -0.09753829, y: -0.055658333}
  - {x: -0.09753829, y: 0.08939378}
  - {x: 0.10630778, y: 0.08939378}
  - {x: 0.10630778, y: -0.055658333}
  - {x: 0.13146147, y: -0.055658333}
  - {x: -0.09127322, y: 0.08939378}
  - {x: 0.13146147, y: 0.08939378}
  - {x: 0.13146147, y: -0.055658333}
  - {x: -0.09127322, y: -0.055658333}
  - {x: -0.09127322, y: 0.08939378}
  - {x: 0.091273144, y: -0.055658333}
  - {x: -0.13146155, y: 0.08939378}
  - {x: 0.091273144, y: 0.08939378}
  - {x: 0.091273144, y: -0.055658333}
  - {x: -0.13146155, y: -0.055658333}
  - {x: -0.13146155, y: 0.08939378}
  - {x: -0.106307745, y: 0.08939378}
  - {x: 0.09753829, y: -0.055658333}
  - {x: -0.106307745, y: -0.055658333}
  - {x: -0.106307745, y: 0.08939378}
  - {x: 0.09753829, y: 0.08939378}
  - {x: 0.09753829, y: -0.055658333}
  - {x: 0.12744865, y: -0.055658333}
  - {x: -0.09528607, y: 0.08939378}
  - {x: 0.12744865, y: 0.08939378}
  - {x: 0.12744865, y: -0.055658333}
  - {x: -0.09528607, y: -0.055658333}
  - {x: -0.09528607, y: 0.08939378}
  - {x: -0.28453922, y: -0.33766422}
  - {x: -0.36494812, y: -0.0000997811}
  - {x: -0.18487568, y: -0.35013545}
  - {x: -0.28448048, y: -0.3376708}
  - {x: -0.41534552, y: -0.11091756}
  - {x: -0.36490843, y: -0.00011091344}
  - {x: 0.12904496, y: -0.44866374}
  - {x: -0.184513, y: -0.35030755}
  - {x: 0.17574355, y: -0.35030755}
  - {x: 0.12904496, y: -0.44866377}
  - {x: -0.13273911, y: -0.44866377}
  - {x: -0.184513, y: -0.35030758}
  - {x: 0.45206365, y: -0.11089194}
  - {x: 0.17597921, y: -0.3501072}
  - {x: 0.35608667, y: -0.00008946352}
  - {x: 0.45208335, y: -0.11090631}
  - {x: 0.32120988, y: -0.33765474}
  - {x: 0.17600235, y: -0.35012555}
  - {x: -0.45576382, y: 0.11089268}
  - {x: -0.1847549, y: 0.35010844}
  - {x: -0.364861, y: 0.00008993842}
  - {x: -0.45578438, y: 0.11090667}
  - {x: -0.32491228, y: 0.3376559}
  - {x: -0.1847793, y: 0.35012677}
  - {x: -0.13273911, y: 0.4486639}
  - {x: 0.1757435, y: 0.3503076}
  - {x: -0.18451294, y: 0.3503076}
  - {x: -0.13273911, y: 0.4486639}
  - {x: 0.12904496, y: 0.4486639}
  - {x: 0.1757435, y: 0.3503076}
  - {x: 0.3210046, y: 0.33757153}
  - {x: 0.35594088, y: 0.000033947275}
  - {x: 0.1758143, y: 0.3500418}
  - {x: 0.3209954, y: 0.33757102}
  - {x: 0.45188648, y: 0.11083285}
  - {x: 0.35593212, y: 0.000033480545}
  - {x: 0.35608697, y: -0.00008912901}
  - {x: 0.45203775, y: 0.11071333}
  - {x: 0.45206398, y: -0.11089158}
  - {x: 0.17584772, y: 0.35030222}
  - {x: 0.12916496, y: 0.44866598}
  - {x: 0.32103762, y: 0.33782753}
  - {x: -0.3249402, y: 0.3377777}
  - {x: -0.13308935, y: 0.44864053}
  - {x: -0.18480782, y: 0.35025513}
  - {x: -0.41544792, y: -0.11083038}
  - {x: -0.45590326, y: 0.11077178}
  - {x: -0.36499852, y: -0.00002934626}
  - {x: -0.13322572, y: -0.44859862}
  - {x: -0.2845765, y: -0.337718}
  - {x: -0.184914, y: -0.3501974}
  - {x: 0.32123625, y: -0.33778614}
  - {x: 0.12938248, y: -0.44864374}
  - {x: 0.17602925, y: -0.35026297}
  - {x: -0.19946133, y: 0.000000043650207}
  - {x: -0.09753829, y: 0.1980466}
  - {x: 0.106307745, y: 0.1980466}
  - {x: -0.19946133, y: 0.000000043650207}
  - {x: 0.106307745, y: 0.1980466}
  - {x: -0.09753829, y: -0.1980465}
  - {x: 0.20823081, y: 0.000000023657977}
  - {x: -0.09753829, y: -0.1980465}
  - {x: 0.106307745, y: 0.1980466}
  - {x: -0.09753829, y: -0.1980465}
  - {x: 0.20823081, y: 0.000000023657977}
  - {x: 0.10630778, y: -0.1980465}
  - {x: -0.11189659, y: 0.0444407}
  - {x: 0.18883815, y: -0.16623741}
  - {x: -0.13952073, y: -0.16623741}
  - {x: -0.10585024, y: 0.052877914}
  - {x: 0.17153575, y: 0.05287785}
  - {x: 0.19625197, y: -0.15583459}
  - {x: -0.12445742, y: 0.05073824}
  - {x: 0.14587177, y: -0.15725385}
  - {x: -0.15464127, y: -0.15725385}
  - {x: -0.124457434, y: 0.050738227}
  - {x: 0.11568788, y: 0.050738163}
  - {x: 0.14587176, y: -0.15725386}
  - {x: -0.1693966, y: 0.052831795}
  - {x: 0.13550784, y: -0.15602614}
  - {x: -0.19285111, y: -0.15602614}
  - {x: -0.1753318, y: 0.044899277}
  - {x: 0.10205424, y: 0.0448994}
  - {x: 0.12818573, y: -0.16596904}
  - {x: -0.1078836, y: 0.046427373}
  - {x: 0.19285116, y: -0.16425073}
  - {x: -0.13550776, y: -0.16425073}
  - {x: -0.102054134, y: 0.054595683}
  - {x: 0.1753319, y: 0.054595683}
  - {x: 0.20004809, y: -0.15411682}
  - {x: -0.11568789, y: 0.050738335}
  - {x: 0.15464124, y: -0.15725382}
  - {x: -0.14587177, y: -0.15725382}
  - {x: -0.11568786, y: 0.05073838}
  - {x: 0.1244574, y: 0.05073838}
  - {x: 0.15464127, y: -0.15725376}
  - {x: -0.16538379, y: 0.051113967}
  - {x: 0.13952076, y: -0.15774408}
  - {x: -0.18883826, y: -0.15774408}
  - {x: -0.17153588, y: 0.042859245}
  - {x: 0.105850205, y: 0.04285924}
  - {x: 0.13198175, y: -0.16800922}
  _uv3:
  - {x: 0, y: 0, z: 0, w: 0}
  - {x: 0, y: 0, z: 0, w: 0}
  - {x: 0, y: 0, z: 0, w: 0}
  - {x: 0, y: 0, z: 0, w: 0}
  - {x: 0, y: 0, z: 0, w: 0}
  - {x: 0, y: 0, z: 0, w: 0}
  - {x: 0, y: 0, z: 0, w: 0}
  - {x: 0, y: 0, z: 0, w: 0}
  - {x: 0, y: 0, z: 0, w: 0}
  - {x: 0, y: 0, z: 0, w: 0}
  - {x: 0, y: 0, z: 0, w: 0}
  - {x: 0, y: 0, z: 0, w: 0}
  - {x: 0, y: 0, z: 0, w: 0}
  - {x: 0, y: 0, z: 0, w: 0}
  - {x: 0, y: 0, z: 0, w: 0}
  - {x: 0, y: 0, z: 0, w: 0}
  - {x: 0, y: 0, z: 0, w: 0}
  - {x: 0, y: 0, z: 0, w: 0}
  - {x: 0, y: 0, z: 0, w: 0}
  - {x: 0, y: 0, z: 0, w: 0}
  - {x: 0, y: 0, z: 0, w: 0}
  - {x: 0, y: 0, z: 0, w: 0}
  - {x: 0, y: 0, z: 0, w: 0}
  - {x: 0, y: 0, z: 0, w: 0}
  - {x: 0, y: 0, z: 0, w: 0}
  - {x: 0, y: 0, z: 0, w: 0}
  - {x: 0, y: 0, z: 0, w: 0}
  - {x: 0, y: 0, z: 0, w: 0}
  - {x: 0, y: 0, z: 0, w: 0}
  - {x: 0, y: 0, z: 0, w: 0}
  - {x: 0, y: 0, z: 0, w: 0}
  - {x: 0, y: 0, z: 0, w: 0}
  - {x: 0, y: 0, z: 0, w: 0}
  - {x: 0, y: 0, z: 0, w: 0}
  - {x: 0, y: 0, z: 0, w: 0}
  - {x: 0, y: 0, z: 0, w: 0}
  - {x: 0, y: 0, z: 0, w: 0}
  - {x: 0, y: 0, z: 0, w: 0}
  - {x: 0, y: 0, z: 0, w: 0}
  - {x: 0, y: 0, z: 0, w: 0}
  - {x: 0, y: 0, z: 0, w: 0}
  - {x: 0, y: 0, z: 0, w: 0}
  - {x: 0, y: 0, z: 0, w: 0}
  - {x: 0, y: 0, z: 0, w: 0}
  - {x: 0, y: 0, z: 0, w: 0}
  - {x: 0, y: 0, z: 0, w: 0}
  - {x: 0, y: 0, z: 0, w: 0}
  - {x: 0, y: 0, z: 0, w: 0}
  - {x: 0, y: 0, z: 0, w: 0}
  - {x: 0, y: 0, z: 0, w: 0}
  - {x: 0, y: 0, z: 0, w: 0}
  - {x: 0, y: 0, z: 0, w: 0}
  - {x: 0, y: 0, z: 0, w: 0}
  - {x: 0, y: 0, z: 0, w: 0}
  - {x: 0, y: 0, z: 0, w: 0}
  - {x: 0, y: 0, z: 0, w: 0}
  - {x: 0, y: 0, z: 0, w: 0}
  - {x: 0, y: 0, z: 0, w: 0}
  - {x: 0, y: 0, z: 0, w: 0}
  - {x: 0, y: 0, z: 0, w: 0}
  - {x: 0, y: 0, z: 0, w: 0}
  - {x: 0, y: 0, z: 0, w: 0}
  - {x: 0, y: 0, z: 0, w: 0}
  - {x: 0, y: 0, z: 0, w: 0}
  - {x: 0, y: 0, z: 0, w: 0}
  - {x: 0, y: 0, z: 0, w: 0}
  - {x: 0, y: 0, z: 0, w: 0}
  - {x: 0, y: 0, z: 0, w: 0}
  - {x: 0, y: 0, z: 0, w: 0}
  - {x: 0, y: 0, z: 0, w: 0}
  - {x: 0, y: 0, z: 0, w: 0}
  - {x: 0, y: 0, z: 0, w: 0}
  - {x: 0, y: 0, z: 0, w: 0}
  - {x: 0, y: 0, z: 0, w: 0}
  - {x: 0, y: 0, z: 0, w: 0}
  - {x: 0, y: 0, z: 0, w: 0}
  - {x: 0, y: 0, z: 0, w: 0}
  - {x: 0, y: 0, z: 0, w: 0}
  - {x: 0, y: 0, z: 0, w: 0}
  - {x: 0, y: 0, z: 0, w: 0}
  - {x: 0, y: 0, z: 0, w: 0}
  - {x: 0, y: 0, z: 0, w: 0}
  - {x: 0, y: 0, z: 0, w: 0}
  - {x: 0, y: 0, z: 0, w: 0}
  - {x: 0, y: 0, z: 0, w: 0}
  - {x: 0, y: 0, z: 0, w: 0}
  - {x: 0, y: 0, z: 0, w: 0}
  - {x: 0, y: 0, z: 0, w: 0}
  - {x: 0, y: 0, z: 0, w: 0}
  - {x: 0, y: 0, z: 0, w: 0}
  - {x: 0, y: 0, z: 0, w: 0}
  - {x: 0, y: 0, z: 0, w: 0}
  - {x: 0, y: 0, z: 0, w: 0}
  - {x: 0, y: 0, z: 0, w: 0}
  - {x: 0, y: 0, z: 0, w: 0}
  - {x: 0, y: 0, z: 0, w: 0}
  - {x: 0, y: 0, z: 0, w: 0}
  - {x: 0, y: 0, z: 0, w: 0}
  - {x: 0, y: 0, z: 0, w: 0}
  - {x: 0, y: 0, z: 0, w: 0}
  - {x: 0, y: 0, z: 0, w: 0}
  - {x: 0, y: 0, z: 0, w: 0}
  - {x: 0, y: 0, z: 0, w: 0}
  - {x: 0, y: 0, z: 0, w: 0}
  - {x: 0, y: 0, z: 0, w: 0}
  - {x: 0, y: 0, z: 0, w: 0}
  - {x: 0, y: 0, z: 0, w: 0}
  - {x: 0, y: 0, z: 0, w: 0}
  - {x: 0, y: 0, z: 0, w: 0}
  - {x: 0, y: 0, z: 0, w: 0}
  - {x: 0, y: 0, z: 0, w: 0}
  - {x: 0, y: 0, z: 0, w: 0}
  - {x: 0, y: 0, z: 0, w: 0}
  - {x: 0, y: 0, z: 0, w: 0}
  - {x: 0, y: 0, z: 0, w: 0}
  - {x: 0, y: 0, z: 0, w: 0}
  - {x: 0, y: 0, z: 0, w: 0}
  - {x: 0, y: 0, z: 0, w: 0}
  - {x: 0, y: 0, z: 0, w: 0}
  - {x: 0, y: 0, z: 0, w: 0}
  - {x: 0, y: 0, z: 0, w: 0}
  - {x: 0, y: 0, z: 0, w: 0}
  - {x: 0, y: 0, z: 0, w: 0}
  - {x: 0, y: 0, z: 0, w: 0}
  - {x: 0, y: 0, z: 0, w: 0}
  - {x: 0, y: 0, z: 0, w: 0}
  - {x: 0, y: 0, z: 0, w: 0}
  - {x: 0, y: 0, z: 0, w: 0}
  - {x: 0, y: 0, z: 0, w: 0}
  - {x: 0, y: 0, z: 0, w: 0}
  - {x: 0, y: 0, z: 0, w: 0}
  - {x: 0, y: 0, z: 0, w: 0}
  - {x: 0, y: 0, z: 0, w: 0}
  - {x: 0, y: 0, z: 0, w: 0}
  - {x: 0, y: 0, z: 0, w: 0}
  - {x: 0, y: 0, z: 0, w: 0}
  - {x: 0, y: 0, z: 0, w: 0}
  - {x: 0, y: 0, z: 0, w: 0}
  - {x: 0, y: 0, z: 0, w: 0}
  - {x: 0, y: 0, z: 0, w: 0}
  - {x: 0, y: 0, z: 0, w: 0}
  - {x: 0, y: 0, z: 0, w: 0}
  - {x: 0, y: 0, z: 0, w: 0}
  - {x: 0, y: 0, z: 0, w: 0}
  - {x: 0, y: 0, z: 0, w: 0}
  - {x: 0, y: 0, z: 0, w: 0}
  - {x: 0, y: 0, z: 0, w: 0}
  - {x: 0, y: 0, z: 0, w: 0}
  - {x: 0, y: 0, z: 0, w: 0}
  - {x: 0, y: 0, z: 0, w: 0}
  - {x: 0, y: 0, z: 0, w: 0}
  - {x: 0, y: 0, z: 0, w: 0}
  - {x: 0, y: 0, z: 0, w: 0}
  - {x: 0, y: 0, z: 0, w: 0}
  - {x: 0, y: 0, z: 0, w: 0}
  - {x: 0, y: 0, z: 0, w: 0}
  - {x: 0, y: 0, z: 0, w: 0}
  - {x: 0, y: 0, z: 0, w: 0}
  - {x: 0, y: 0, z: 0, w: 0}
  - {x: 0, y: 0, z: 0, w: 0}
  - {x: 0, y: 0, z: 0, w: 0}
  - {x: 0, y: 0, z: 0, w: 0}
  - {x: 0, y: 0, z: 0, w: 0}
  - {x: 0, y: 0, z: 0, w: 0}
  - {x: 0, y: 0, z: 0, w: 0}
  - {x: 0, y: 0, z: 0, w: 0}
  - {x: 0, y: 0, z: 0, w: 0}
  - {x: 0, y: 0, z: 0, w: 0}
  - {x: 0, y: 0, z: 0, w: 0}
  - {x: 0, y: 0, z: 0, w: 0}
  - {x: 0, y: 0, z: 0, w: 0}
  - {x: 0, y: 0, z: 0, w: 0}
  - {x: 0, y: 0, z: 0, w: 0}
  - {x: 0, y: 0, z: 0, w: 0}
  - {x: 0, y: 0, z: 0, w: 0}
  - {x: 0, y: 0, z: 0, w: 0}
  - {x: 0, y: 0, z: 0, w: 0}
  - {x: 0, y: 0, z: 0, w: 0}
  - {x: 0, y: 0, z: 0, w: 0}
  - {x: 0, y: 0, z: 0, w: 0}
  - {x: 0, y: 0, z: 0, w: 0}
  - {x: 0, y: 0, z: 0, w: 0}
  - {x: 0, y: 0, z: 0, w: 0}
  - {x: 0, y: 0, z: 0, w: 0}
  - {x: 0, y: 0, z: 0, w: 0}
  - {x: 0, y: 0, z: 0, w: 0}
  - {x: 0, y: 0, z: 0, w: 0}
  - {x: 0, y: 0, z: 0, w: 0}
  - {x: 0, y: 0, z: 0, w: 0}
  - {x: 0, y: 0, z: 0, w: 0}
  - {x: 0, y: 0, z: 0, w: 0}
  - {x: 0, y: 0, z: 0, w: 0}
  - {x: 0, y: 0, z: 0, w: 0}
  - {x: 0, y: 0, z: 0, w: 0}
  - {x: 0, y: 0, z: 0, w: 0}
  - {x: 0, y: 0, z: 0, w: 0}
  - {x: 0, y: 0, z: 0, w: 0}
  - {x: 0, y: 0, z: 0, w: 0}
  - {x: 0, y: 0, z: 0, w: 0}
  - {x: 0, y: 0, z: 0, w: 0}
  - {x: 0, y: 0, z: 0, w: 0}
  - {x: 0, y: 0, z: 0, w: 0}
  - {x: 0, y: 0, z: 0, w: 0}
  - {x: 0, y: 0, z: 0, w: 0}
  - {x: 0, y: 0, z: 0, w: 0}
  - {x: 0, y: 0, z: 0, w: 0}
  - {x: 0, y: 0, z: 0, w: 0}
  - {x: 0, y: 0, z: 0, w: 0}
  - {x: 0, y: 0, z: 0, w: 0}
  - {x: 0, y: 0, z: 0, w: 0}
  - {x: 0, y: 0, z: 0, w: 0}
  - {x: 0, y: 0, z: 0, w: 0}
  - {x: 0, y: 0, z: 0, w: 0}
  - {x: 0, y: 0, z: 0, w: 0}
  - {x: 0, y: 0, z: 0, w: 0}
  - {x: 0, y: 0, z: 0, w: 0}
  - {x: 0, y: 0, z: 0, w: 0}
  - {x: 0, y: 0, z: 0, w: 0}
  - {x: 0, y: 0, z: 0, w: 0}
  - {x: 0, y: 0, z: 0, w: 0}
  - {x: 0, y: 0, z: 0, w: 0}
  - {x: 0, y: 0, z: 0, w: 0}
  - {x: 0, y: 0, z: 0, w: 0}
  - {x: 0, y: 0, z: 0, w: 0}
  - {x: 0, y: 0, z: 0, w: 0}
  - {x: 0, y: 0, z: 0, w: 0}
  - {x: 0, y: 0, z: 0, w: 0}
  - {x: 0, y: 0, z: 0, w: 0}
  - {x: 0, y: 0, z: 0, w: 0}
  - {x: 0, y: 0, z: 0, w: 0}
  - {x: 0, y: 0, z: 0, w: 0}
  - {x: 0, y: 0, z: 0, w: 0}
  - {x: 0, y: 0, z: 0, w: 0}
  - {x: 0, y: 0, z: 0, w: 0}
  - {x: 0, y: 0, z: 0, w: 0}
  - {x: 0, y: 0, z: 0, w: 0}
  - {x: 0, y: 0, z: 0, w: 0}
  - {x: 0, y: 0, z: 0, w: 0}
  - {x: 0, y: 0, z: 0, w: 0}
  - {x: 0, y: 0, z: 0, w: 0}
  - {x: 0, y: 0, z: 0, w: 0}
  - {x: 0, y: 0, z: 0, w: 0}
  - {x: 0, y: 0, z: 0, w: 0}
  - {x: 0, y: 0, z: 0, w: 0}
  - {x: 0, y: 0, z: 0, w: 0}
  - {x: 0, y: 0, z: 0, w: 0}
  - {x: 0, y: 0, z: 0, w: 0}
  - {x: 0, y: 0, z: 0, w: 0}
  - {x: 0, y: 0, z: 0, w: 0}
  - {x: 0, y: 0, z: 0, w: 0}
  - {x: 0, y: 0, z: 0, w: 0}
  - {x: 0, y: 0, z: 0, w: 0}
  - {x: 0, y: 0, z: 0, w: 0}
  - {x: 0, y: 0, z: 0, w: 0}
  - {x: 0, y: 0, z: 0, w: 0}
  - {x: 0, y: 0, z: 0, w: 0}
  - {x: 0, y: 0, z: 0, w: 0}
  - {x: 0, y: 0, z: 0, w: 0}
  - {x: 0, y: 0, z: 0, w: 0}
  - {x: 0, y: 0, z: 0, w: 0}
  - {x: 0, y: 0, z: 0, w: 0}
  - {x: 0, y: 0, z: 0, w: 0}
  - {x: 0, y: 0, z: 0, w: 0}
  - {x: 0, y: 0, z: 0, w: 0}
  - {x: 0, y: 0, z: 0, w: 0}
  - {x: 0, y: 0, z: 0, w: 0}
  - {x: 0, y: 0, z: 0, w: 0}
  - {x: 0, y: 0, z: 0, w: 0}
  - {x: 0, y: 0, z: 0, w: 0}
  - {x: 0, y: 0, z: 0, w: 0}
  - {x: 0, y: 0, z: 0, w: 0}
  - {x: 0, y: 0, z: 0, w: 0}
  - {x: 0, y: 0, z: 0, w: 0}
  - {x: 0, y: 0, z: 0, w: 0}
  - {x: 0, y: 0, z: 0, w: 0}
  - {x: 0, y: 0, z: 0, w: 0}
  - {x: 0, y: 0, z: 0, w: 0}
  - {x: 0, y: 0, z: 0, w: 0}
  - {x: 0, y: 0, z: 0, w: 0}
  - {x: 0, y: 0, z: 0, w: 0}
  - {x: 0, y: 0, z: 0, w: 0}
  - {x: 0, y: 0, z: 0, w: 0}
  - {x: 0, y: 0, z: 0, w: 0}
  - {x: 0, y: 0, z: 0, w: 0}
  - {x: 0, y: 0, z: 0, w: 0}
  - {x: 0, y: 0, z: 0, w: 0}
  - {x: 0, y: 0, z: 0, w: 0}
  - {x: 0, y: 0, z: 0, w: 0}
  - {x: 0, y: 0, z: 0, w: 0}
  - {x: 0, y: 0, z: 0, w: 0}
  - {x: 0, y: 0, z: 0, w: 0}
  - {x: 0, y: 0, z: 0, w: 0}
  - {x: 0, y: 0, z: 0, w: 0}
  - {x: 0, y: 0, z: 0, w: 0}
  - {x: 0, y: 0, z: 0, w: 0}
  - {x: 0, y: 0, z: 0, w: 0}
  - {x: 0, y: 0, z: 0, w: 0}
  - {x: 0, y: 0, z: 0, w: 0}
  - {x: 0, y: 0, z: 0, w: 0}
  - {x: 0, y: 0, z: 0, w: 0}
  - {x: 0, y: 0, z: 0, w: 0}
  - {x: 0, y: 0, z: 0, w: 0}
  - {x: 0, y: 0, z: 0, w: 0}
  - {x: 0, y: 0, z: 0, w: 0}
  - {x: 0, y: 0, z: 0, w: 0}
  - {x: 0, y: 0, z: 0, w: 0}
  - {x: 0, y: 0, z: 0, w: 0}
  - {x: 0, y: 0, z: 0, w: 0}
  - {x: 0, y: 0, z: 0, w: 0}
  - {x: 0, y: 0, z: 0, w: 0}
  - {x: 0, y: 0, z: 0, w: 0}
  - {x: 0, y: 0, z: 0, w: 0}
  _uv4:
  - {x: 0, y: 0, z: 0, w: 0}
  - {x: 0, y: 0, z: 0, w: 0}
  - {x: 0, y: 0, z: 0, w: 0}
  - {x: 0, y: 0, z: 0, w: 0}
  - {x: 0, y: 0, z: 0, w: 0}
  - {x: 0, y: 0, z: 0, w: 0}
  - {x: 0, y: 0, z: 0, w: 0}
  - {x: 0, y: 0, z: 0, w: 0}
  - {x: 0, y: 0, z: 0, w: 0}
  - {x: 0, y: 0, z: 0, w: 0}
  - {x: 0, y: 0, z: 0, w: 0}
  - {x: 0, y: 0, z: 0, w: 0}
  - {x: 0, y: 0, z: 0, w: 0}
  - {x: 0, y: 0, z: 0, w: 0}
  - {x: 0, y: 0, z: 0, w: 0}
  - {x: 0, y: 0, z: 0, w: 0}
  - {x: 0, y: 0, z: 0, w: 0}
  - {x: 0, y: 0, z: 0, w: 0}
  - {x: 0, y: 0, z: 0, w: 0}
  - {x: 0, y: 0, z: 0, w: 0}
  - {x: 0, y: 0, z: 0, w: 0}
  - {x: 0, y: 0, z: 0, w: 0}
  - {x: 0, y: 0, z: 0, w: 0}
  - {x: 0, y: 0, z: 0, w: 0}
  - {x: 0, y: 0, z: 0, w: 0}
  - {x: 0, y: 0, z: 0, w: 0}
  - {x: 0, y: 0, z: 0, w: 0}
  - {x: 0, y: 0, z: 0, w: 0}
  - {x: 0, y: 0, z: 0, w: 0}
  - {x: 0, y: 0, z: 0, w: 0}
  - {x: 0, y: 0, z: 0, w: 0}
  - {x: 0, y: 0, z: 0, w: 0}
  - {x: 0, y: 0, z: 0, w: 0}
  - {x: 0, y: 0, z: 0, w: 0}
  - {x: 0, y: 0, z: 0, w: 0}
  - {x: 0, y: 0, z: 0, w: 0}
  - {x: 0, y: 0, z: 0, w: 0}
  - {x: 0, y: 0, z: 0, w: 0}
  - {x: 0, y: 0, z: 0, w: 0}
  - {x: 0, y: 0, z: 0, w: 0}
  - {x: 0, y: 0, z: 0, w: 0}
  - {x: 0, y: 0, z: 0, w: 0}
  - {x: 0, y: 0, z: 0, w: 0}
  - {x: 0, y: 0, z: 0, w: 0}
  - {x: 0, y: 0, z: 0, w: 0}
  - {x: 0, y: 0, z: 0, w: 0}
  - {x: 0, y: 0, z: 0, w: 0}
  - {x: 0, y: 0, z: 0, w: 0}
  - {x: 0, y: 0, z: 0, w: 0}
  - {x: 0, y: 0, z: 0, w: 0}
  - {x: 0, y: 0, z: 0, w: 0}
  - {x: 0, y: 0, z: 0, w: 0}
  - {x: 0, y: 0, z: 0, w: 0}
  - {x: 0, y: 0, z: 0, w: 0}
  - {x: 0, y: 0, z: 0, w: 0}
  - {x: 0, y: 0, z: 0, w: 0}
  - {x: 0, y: 0, z: 0, w: 0}
  - {x: 0, y: 0, z: 0, w: 0}
  - {x: 0, y: 0, z: 0, w: 0}
  - {x: 0, y: 0, z: 0, w: 0}
  - {x: 0, y: 0, z: 0, w: 0}
  - {x: 0, y: 0, z: 0, w: 0}
  - {x: 0, y: 0, z: 0, w: 0}
  - {x: 0, y: 0, z: 0, w: 0}
  - {x: 0, y: 0, z: 0, w: 0}
  - {x: 0, y: 0, z: 0, w: 0}
  - {x: 0, y: 0, z: 0, w: 0}
  - {x: 0, y: 0, z: 0, w: 0}
  - {x: 0, y: 0, z: 0, w: 0}
  - {x: 0, y: 0, z: 0, w: 0}
  - {x: 0, y: 0, z: 0, w: 0}
  - {x: 0, y: 0, z: 0, w: 0}
  - {x: 0, y: 0, z: 0, w: 0}
  - {x: 0, y: 0, z: 0, w: 0}
  - {x: 0, y: 0, z: 0, w: 0}
  - {x: 0, y: 0, z: 0, w: 0}
  - {x: 0, y: 0, z: 0, w: 0}
  - {x: 0, y: 0, z: 0, w: 0}
  - {x: 0, y: 0, z: 0, w: 0}
  - {x: 0, y: 0, z: 0, w: 0}
  - {x: 0, y: 0, z: 0, w: 0}
  - {x: 0, y: 0, z: 0, w: 0}
  - {x: 0, y: 0, z: 0, w: 0}
  - {x: 0, y: 0, z: 0, w: 0}
  - {x: 0, y: 0, z: 0, w: 0}
  - {x: 0, y: 0, z: 0, w: 0}
  - {x: 0, y: 0, z: 0, w: 0}
  - {x: 0, y: 0, z: 0, w: 0}
  - {x: 0, y: 0, z: 0, w: 0}
  - {x: 0, y: 0, z: 0, w: 0}
  - {x: 0, y: 0, z: 0, w: 0}
  - {x: 0, y: 0, z: 0, w: 0}
  - {x: 0, y: 0, z: 0, w: 0}
  - {x: 0, y: 0, z: 0, w: 0}
  - {x: 0, y: 0, z: 0, w: 0}
  - {x: 0, y: 0, z: 0, w: 0}
  - {x: 0, y: 0, z: 0, w: 0}
  - {x: 0, y: 0, z: 0, w: 0}
  - {x: 0, y: 0, z: 0, w: 0}
  - {x: 0, y: 0, z: 0, w: 0}
  - {x: 0, y: 0, z: 0, w: 0}
  - {x: 0, y: 0, z: 0, w: 0}
  - {x: 0, y: 0, z: 0, w: 0}
  - {x: 0, y: 0, z: 0, w: 0}
  - {x: 0, y: 0, z: 0, w: 0}
  - {x: 0, y: 0, z: 0, w: 0}
  - {x: 0, y: 0, z: 0, w: 0}
  - {x: 0, y: 0, z: 0, w: 0}
  - {x: 0, y: 0, z: 0, w: 0}
  - {x: 0, y: 0, z: 0, w: 0}
  - {x: 0, y: 0, z: 0, w: 0}
  - {x: 0, y: 0, z: 0, w: 0}
  - {x: 0, y: 0, z: 0, w: 0}
  - {x: 0, y: 0, z: 0, w: 0}
  - {x: 0, y: 0, z: 0, w: 0}
  - {x: 0, y: 0, z: 0, w: 0}
  - {x: 0, y: 0, z: 0, w: 0}
  - {x: 0, y: 0, z: 0, w: 0}
  - {x: 0, y: 0, z: 0, w: 0}
  - {x: 0, y: 0, z: 0, w: 0}
  - {x: 0, y: 0, z: 0, w: 0}
  - {x: 0, y: 0, z: 0, w: 0}
  - {x: 0, y: 0, z: 0, w: 0}
  - {x: 0, y: 0, z: 0, w: 0}
  - {x: 0, y: 0, z: 0, w: 0}
  - {x: 0, y: 0, z: 0, w: 0}
  - {x: 0, y: 0, z: 0, w: 0}
  - {x: 0, y: 0, z: 0, w: 0}
  - {x: 0, y: 0, z: 0, w: 0}
  - {x: 0, y: 0, z: 0, w: 0}
  - {x: 0, y: 0, z: 0, w: 0}
  - {x: 0, y: 0, z: 0, w: 0}
  - {x: 0, y: 0, z: 0, w: 0}
  - {x: 0, y: 0, z: 0, w: 0}
  - {x: 0, y: 0, z: 0, w: 0}
  - {x: 0, y: 0, z: 0, w: 0}
  - {x: 0, y: 0, z: 0, w: 0}
  - {x: 0, y: 0, z: 0, w: 0}
  - {x: 0, y: 0, z: 0, w: 0}
  - {x: 0, y: 0, z: 0, w: 0}
  - {x: 0, y: 0, z: 0, w: 0}
  - {x: 0, y: 0, z: 0, w: 0}
  - {x: 0, y: 0, z: 0, w: 0}
  - {x: 0, y: 0, z: 0, w: 0}
  - {x: 0, y: 0, z: 0, w: 0}
  - {x: 0, y: 0, z: 0, w: 0}
  - {x: 0, y: 0, z: 0, w: 0}
  - {x: 0, y: 0, z: 0, w: 0}
  - {x: 0, y: 0, z: 0, w: 0}
  - {x: 0, y: 0, z: 0, w: 0}
  - {x: 0, y: 0, z: 0, w: 0}
  - {x: 0, y: 0, z: 0, w: 0}
  - {x: 0, y: 0, z: 0, w: 0}
  - {x: 0, y: 0, z: 0, w: 0}
  - {x: 0, y: 0, z: 0, w: 0}
  - {x: 0, y: 0, z: 0, w: 0}
  - {x: 0, y: 0, z: 0, w: 0}
  - {x: 0, y: 0, z: 0, w: 0}
  - {x: 0, y: 0, z: 0, w: 0}
  - {x: 0, y: 0, z: 0, w: 0}
  - {x: 0, y: 0, z: 0, w: 0}
  - {x: 0, y: 0, z: 0, w: 0}
  - {x: 0, y: 0, z: 0, w: 0}
  - {x: 0, y: 0, z: 0, w: 0}
  - {x: 0, y: 0, z: 0, w: 0}
  - {x: 0, y: 0, z: 0, w: 0}
  - {x: 0, y: 0, z: 0, w: 0}
  - {x: 0, y: 0, z: 0, w: 0}
  - {x: 0, y: 0, z: 0, w: 0}
  - {x: 0, y: 0, z: 0, w: 0}
  - {x: 0, y: 0, z: 0, w: 0}
  - {x: 0, y: 0, z: 0, w: 0}
  - {x: 0, y: 0, z: 0, w: 0}
  - {x: 0, y: 0, z: 0, w: 0}
  - {x: 0, y: 0, z: 0, w: 0}
  - {x: 0, y: 0, z: 0, w: 0}
  - {x: 0, y: 0, z: 0, w: 0}
  - {x: 0, y: 0, z: 0, w: 0}
  - {x: 0, y: 0, z: 0, w: 0}
  - {x: 0, y: 0, z: 0, w: 0}
  - {x: 0, y: 0, z: 0, w: 0}
  - {x: 0, y: 0, z: 0, w: 0}
  - {x: 0, y: 0, z: 0, w: 0}
  - {x: 0, y: 0, z: 0, w: 0}
  - {x: 0, y: 0, z: 0, w: 0}
  - {x: 0, y: 0, z: 0, w: 0}
  - {x: 0, y: 0, z: 0, w: 0}
  - {x: 0, y: 0, z: 0, w: 0}
  - {x: 0, y: 0, z: 0, w: 0}
  - {x: 0, y: 0, z: 0, w: 0}
  - {x: 0, y: 0, z: 0, w: 0}
  - {x: 0, y: 0, z: 0, w: 0}
  - {x: 0, y: 0, z: 0, w: 0}
  - {x: 0, y: 0, z: 0, w: 0}
  - {x: 0, y: 0, z: 0, w: 0}
  - {x: 0, y: 0, z: 0, w: 0}
  - {x: 0, y: 0, z: 0, w: 0}
  - {x: 0, y: 0, z: 0, w: 0}
  - {x: 0, y: 0, z: 0, w: 0}
  - {x: 0, y: 0, z: 0, w: 0}
  - {x: 0, y: 0, z: 0, w: 0}
  - {x: 0, y: 0, z: 0, w: 0}
  - {x: 0, y: 0, z: 0, w: 0}
  - {x: 0, y: 0, z: 0, w: 0}
  - {x: 0, y: 0, z: 0, w: 0}
  - {x: 0, y: 0, z: 0, w: 0}
  - {x: 0, y: 0, z: 0, w: 0}
  - {x: 0, y: 0, z: 0, w: 0}
  - {x: 0, y: 0, z: 0, w: 0}
  - {x: 0, y: 0, z: 0, w: 0}
  - {x: 0, y: 0, z: 0, w: 0}
  - {x: 0, y: 0, z: 0, w: 0}
  - {x: 0, y: 0, z: 0, w: 0}
  - {x: 0, y: 0, z: 0, w: 0}
  - {x: 0, y: 0, z: 0, w: 0}
  - {x: 0, y: 0, z: 0, w: 0}
  - {x: 0, y: 0, z: 0, w: 0}
  - {x: 0, y: 0, z: 0, w: 0}
  - {x: 0, y: 0, z: 0, w: 0}
  - {x: 0, y: 0, z: 0, w: 0}
  - {x: 0, y: 0, z: 0, w: 0}
  - {x: 0, y: 0, z: 0, w: 0}
  - {x: 0, y: 0, z: 0, w: 0}
  - {x: 0, y: 0, z: 0, w: 0}
  - {x: 0, y: 0, z: 0, w: 0}
  - {x: 0, y: 0, z: 0, w: 0}
  - {x: 0, y: 0, z: 0, w: 0}
  - {x: 0, y: 0, z: 0, w: 0}
  - {x: 0, y: 0, z: 0, w: 0}
  - {x: 0, y: 0, z: 0, w: 0}
  - {x: 0, y: 0, z: 0, w: 0}
  - {x: 0, y: 0, z: 0, w: 0}
  - {x: 0, y: 0, z: 0, w: 0}
  - {x: 0, y: 0, z: 0, w: 0}
  - {x: 0, y: 0, z: 0, w: 0}
  - {x: 0, y: 0, z: 0, w: 0}
  - {x: 0, y: 0, z: 0, w: 0}
  - {x: 0, y: 0, z: 0, w: 0}
  - {x: 0, y: 0, z: 0, w: 0}
  - {x: 0, y: 0, z: 0, w: 0}
  - {x: 0, y: 0, z: 0, w: 0}
  - {x: 0, y: 0, z: 0, w: 0}
  - {x: 0, y: 0, z: 0, w: 0}
  - {x: 0, y: 0, z: 0, w: 0}
  - {x: 0, y: 0, z: 0, w: 0}
  - {x: 0, y: 0, z: 0, w: 0}
  - {x: 0, y: 0, z: 0, w: 0}
  - {x: 0, y: 0, z: 0, w: 0}
  - {x: 0, y: 0, z: 0, w: 0}
  - {x: 0, y: 0, z: 0, w: 0}
  - {x: 0, y: 0, z: 0, w: 0}
  - {x: 0, y: 0, z: 0, w: 0}
  - {x: 0, y: 0, z: 0, w: 0}
  - {x: 0, y: 0, z: 0, w: 0}
  - {x: 0, y: 0, z: 0, w: 0}
  - {x: 0, y: 0, z: 0, w: 0}
  - {x: 0, y: 0, z: 0, w: 0}
  - {x: 0, y: 0, z: 0, w: 0}
  - {x: 0, y: 0, z: 0, w: 0}
  - {x: 0, y: 0, z: 0, w: 0}
  - {x: 0, y: 0, z: 0, w: 0}
  - {x: 0, y: 0, z: 0, w: 0}
  - {x: 0, y: 0, z: 0, w: 0}
  - {x: 0, y: 0, z: 0, w: 0}
  - {x: 0, y: 0, z: 0, w: 0}
  - {x: 0, y: 0, z: 0, w: 0}
  - {x: 0, y: 0, z: 0, w: 0}
  - {x: 0, y: 0, z: 0, w: 0}
  - {x: 0, y: 0, z: 0, w: 0}
  - {x: 0, y: 0, z: 0, w: 0}
  - {x: 0, y: 0, z: 0, w: 0}
  - {x: 0, y: 0, z: 0, w: 0}
  - {x: 0, y: 0, z: 0, w: 0}
  - {x: 0, y: 0, z: 0, w: 0}
  - {x: 0, y: 0, z: 0, w: 0}
  - {x: 0, y: 0, z: 0, w: 0}
  - {x: 0, y: 0, z: 0, w: 0}
  - {x: 0, y: 0, z: 0, w: 0}
  - {x: 0, y: 0, z: 0, w: 0}
  - {x: 0, y: 0, z: 0, w: 0}
  - {x: 0, y: 0, z: 0, w: 0}
  - {x: 0, y: 0, z: 0, w: 0}
  - {x: 0, y: 0, z: 0, w: 0}
  - {x: 0, y: 0, z: 0, w: 0}
  - {x: 0, y: 0, z: 0, w: 0}
  - {x: 0, y: 0, z: 0, w: 0}
  - {x: 0, y: 0, z: 0, w: 0}
  - {x: 0, y: 0, z: 0, w: 0}
  - {x: 0, y: 0, z: 0, w: 0}
  - {x: 0, y: 0, z: 0, w: 0}
  - {x: 0, y: 0, z: 0, w: 0}
  - {x: 0, y: 0, z: 0, w: 0}
  - {x: 0, y: 0, z: 0, w: 0}
  - {x: 0, y: 0, z: 0, w: 0}
  - {x: 0, y: 0, z: 0, w: 0}
  - {x: 0, y: 0, z: 0, w: 0}
  - {x: 0, y: 0, z: 0, w: 0}
  - {x: 0, y: 0, z: 0, w: 0}
  - {x: 0, y: 0, z: 0, w: 0}
  - {x: 0, y: 0, z: 0, w: 0}
  - {x: 0, y: 0, z: 0, w: 0}
  - {x: 0, y: 0, z: 0, w: 0}
  - {x: 0, y: 0, z: 0, w: 0}
  - {x: 0, y: 0, z: 0, w: 0}
  - {x: 0, y: 0, z: 0, w: 0}
  - {x: 0, y: 0, z: 0, w: 0}
  - {x: 0, y: 0, z: 0, w: 0}
  - {x: 0, y: 0, z: 0, w: 0}
  - {x: 0, y: 0, z: 0, w: 0}
  - {x: 0, y: 0, z: 0, w: 0}
  - {x: 0, y: 0, z: 0, w: 0}
  - {x: 0, y: 0, z: 0, w: 0}
  _tangents: []
  _sharedIndicesUV:
  - array: 00000000
  - array: 01000000
  - array: 02000000
  - array: 03000000
  - array: 04000000
  - array: 05000000
  - array: 06000000
  - array: 07000000
  - array: 08000000
  - array: 09000000
  - array: 0a000000
  - array: 0b000000
  - array: 0c000000
  - array: 0d000000
  - array: 0e000000
  - array: 0f000000
  - array: 10000000
  - array: 11000000
  - array: 12000000
  - array: 13000000
  - array: 14000000
  - array: 15000000
  - array: 16000000
  - array: 17000000
  - array: 18000000
  - array: 19000000
  - array: 1a000000
  - array: 1b000000
  - array: 1c000000
  - array: 1d000000
  - array: 1e000000
  - array: 1f000000
  - array: 20000000
  - array: 21000000
  - array: 22000000
  - array: 23000000
  - array: 24000000
  - array: 25000000
  - array: 26000000
  - array: 27000000
  - array: 28000000
  - array: 29000000
  - array: 2a000000
  - array: 2b000000
  - array: 2c000000
  - array: 2d000000
  - array: 2e000000
  - array: 2f000000
  - array: 30000000
  - array: 31000000
  - array: 32000000
  - array: 33000000
  - array: 34000000
  - array: 35000000
  - array: 36000000
  - array: 37000000
  - array: 38000000
  - array: 39000000
  - array: 3a000000
  - array: 3b000000
  - array: 3c000000
  - array: 3d000000
  - array: 3e000000
  - array: 3f000000
  - array: 40000000
  - array: 41000000
  - array: 42000000
  - array: 43000000
  - array: 44000000
  - array: 45000000
  - array: 46000000
  - array: 47000000
  - array: 48000000
  - array: 49000000
  - array: 4a000000
  - array: 4b000000
  - array: 4c000000
  - array: 4d000000
  - array: 4e000000
  - array: 4f000000
  - array: 50000000
  - array: 51000000
  - array: 52000000
  - array: 53000000
  - array: 54000000
  - array: 55000000
  - array: 56000000
  - array: 57000000
  - array: 58000000
  - array: 59000000
  - array: 5a000000
  - array: 5b000000
  - array: 5c000000
  - array: 5d000000
  - array: 5e000000
  - array: 5f000000
  - array: 60000000
  - array: 61000000
  - array: 62000000
  - array: 63000000
  - array: 64000000
  - array: 65000000
  - array: 66000000
  - array: 67000000
  - array: 68000000
  - array: 69000000
  - array: 6a000000
  - array: 6b000000
  - array: 6c000000
  - array: 6d000000
  - array: 6e000000
  - array: 6f000000
  - array: 70000000
  - array: 71000000
  - array: 72000000
  - array: 73000000
  - array: 74000000
  - array: 75000000
  - array: 76000000
  - array: 77000000
  - array: 78000000
  - array: 79000000
  - array: 7a000000
  - array: 7b000000
  - array: 7c000000
  - array: 7d000000
  - array: 7e000000
  - array: 7f000000
  - array: 80000000
  - array: 81000000
  - array: 82000000
  - array: 83000000
  - array: 84000000
  - array: 85000000
  - array: 86000000
  - array: 87000000
  - array: 88000000
  - array: 89000000
  - array: 8a000000
  - array: 8b000000
  - array: 8c000000
  - array: 8d000000
  - array: 8e000000
  - array: 8f000000
  - array: 90000000
  - array: 91000000
  - array: 92000000
  - array: 93000000
  - array: 94000000
  - array: 95000000
  - array: 96000000
  - array: 97000000
  - array: 98000000
  - array: 99000000
  - array: 9a000000
  - array: 9b000000
  - array: 9c000000
  - array: 9d000000
  - array: 9e000000
  - array: 9f000000
  - array: a0000000
  - array: a1000000
  - array: a2000000
  - array: a3000000
  - array: a4000000
  - array: a5000000
  - array: a6000000
  - array: a7000000
  - array: a8000000
  - array: a9000000
  - array: aa000000
  - array: ab000000
  - array: ac000000
  - array: ad000000
  - array: ae000000
  - array: af000000
  - array: b0000000
  - array: b1000000
  - array: b2000000
  - array: b3000000
  - array: b4000000
  - array: b5000000
  - array: b6000000
  - array: b7000000
  - array: b8000000
  - array: b9000000
  _colors:
  - {r: 1, g: 1, b: 1, a: 1}
  - {r: 1, g: 1, b: 1, a: 1}
  - {r: 1, g: 1, b: 1, a: 1}
  - {r: 1, g: 1, b: 1, a: 1}
  - {r: 1, g: 1, b: 1, a: 1}
  - {r: 1, g: 1, b: 1, a: 1}
  - {r: 1, g: 1, b: 1, a: 1}
  - {r: 1, g: 1, b: 1, a: 1}
  - {r: 1, g: 1, b: 1, a: 1}
  - {r: 1, g: 1, b: 1, a: 1}
  - {r: 1, g: 1, b: 1, a: 1}
  - {r: 1, g: 1, b: 1, a: 1}
  - {r: 1, g: 1, b: 1, a: 1}
  - {r: 1, g: 1, b: 1, a: 1}
  - {r: 1, g: 1, b: 1, a: 1}
  - {r: 1, g: 1, b: 1, a: 1}
  - {r: 1, g: 1, b: 1, a: 1}
  - {r: 1, g: 1, b: 1, a: 1}
  - {r: 1, g: 1, b: 1, a: 1}
  - {r: 1, g: 1, b: 1, a: 1}
  - {r: 1, g: 1, b: 1, a: 1}
  - {r: 1, g: 1, b: 1, a: 1}
  - {r: 1, g: 1, b: 1, a: 1}
  - {r: 1, g: 1, b: 1, a: 1}
  - {r: 1, g: 1, b: 1, a: 1}
  - {r: 1, g: 1, b: 1, a: 1}
  - {r: 1, g: 1, b: 1, a: 1}
  - {r: 1, g: 1, b: 1, a: 1}
  - {r: 1, g: 1, b: 1, a: 1}
  - {r: 1, g: 1, b: 1, a: 1}
  - {r: 1, g: 1, b: 1, a: 1}
  - {r: 1, g: 1, b: 1, a: 1}
  - {r: 1, g: 1, b: 1, a: 1}
  - {r: 1, g: 1, b: 1, a: 1}
  - {r: 1, g: 1, b: 1, a: 1}
  - {r: 1, g: 1, b: 1, a: 1}
  - {r: 1, g: 1, b: 1, a: 1}
  - {r: 1, g: 1, b: 1, a: 1}
  - {r: 1, g: 1, b: 1, a: 1}
  - {r: 1, g: 1, b: 1, a: 1}
  - {r: 1, g: 1, b: 1, a: 1}
  - {r: 1, g: 1, b: 1, a: 1}
  - {r: 1, g: 1, b: 1, a: 1}
  - {r: 1, g: 1, b: 1, a: 1}
  - {r: 1, g: 1, b: 1, a: 1}
  - {r: 1, g: 1, b: 1, a: 1}
  - {r: 1, g: 1, b: 1, a: 1}
  - {r: 1, g: 1, b: 1, a: 1}
  - {r: 1, g: 1, b: 1, a: 1}
  - {r: 1, g: 1, b: 1, a: 1}
  - {r: 1, g: 1, b: 1, a: 1}
  - {r: 1, g: 1, b: 1, a: 1}
  - {r: 1, g: 1, b: 1, a: 1}
  - {r: 1, g: 1, b: 1, a: 1}
  - {r: 1, g: 1, b: 1, a: 1}
  - {r: 1, g: 1, b: 1, a: 1}
  - {r: 1, g: 1, b: 1, a: 1}
  - {r: 1, g: 1, b: 1, a: 1}
  - {r: 1, g: 1, b: 1, a: 1}
  - {r: 1, g: 1, b: 1, a: 1}
  - {r: 1, g: 1, b: 1, a: 1}
  - {r: 1, g: 1, b: 1, a: 1}
  - {r: 1, g: 1, b: 1, a: 1}
  - {r: 1, g: 1, b: 1, a: 1}
  - {r: 1, g: 1, b: 1, a: 1}
  - {r: 1, g: 1, b: 1, a: 1}
  - {r: 1, g: 1, b: 1, a: 1}
  - {r: 1, g: 1, b: 1, a: 1}
  - {r: 1, g: 1, b: 1, a: 1}
  - {r: 1, g: 1, b: 1, a: 1}
  - {r: 1, g: 1, b: 1, a: 1}
  - {r: 1, g: 1, b: 1, a: 1}
  - {r: 1, g: 1, b: 1, a: 1}
  - {r: 1, g: 1, b: 1, a: 1}
  - {r: 1, g: 1, b: 1, a: 1}
  - {r: 1, g: 1, b: 1, a: 1}
  - {r: 1, g: 1, b: 1, a: 1}
  - {r: 1, g: 1, b: 1, a: 1}
  - {r: 1, g: 1, b: 1, a: 1}
  - {r: 1, g: 1, b: 1, a: 1}
  - {r: 1, g: 1, b: 1, a: 1}
  - {r: 1, g: 1, b: 1, a: 1}
  - {r: 1, g: 1, b: 1, a: 1}
  - {r: 1, g: 1, b: 1, a: 1}
  - {r: 1, g: 1, b: 1, a: 1}
  - {r: 1, g: 1, b: 1, a: 1}
  - {r: 1, g: 1, b: 1, a: 1}
  - {r: 1, g: 1, b: 1, a: 1}
  - {r: 1, g: 1, b: 1, a: 1}
  - {r: 1, g: 1, b: 1, a: 1}
  - {r: 1, g: 1, b: 1, a: 1}
  - {r: 1, g: 1, b: 1, a: 1}
  - {r: 1, g: 1, b: 1, a: 1}
  - {r: 1, g: 1, b: 1, a: 1}
  - {r: 1, g: 1, b: 1, a: 1}
  - {r: 1, g: 1, b: 1, a: 1}
  - {r: 1, g: 1, b: 1, a: 1}
  - {r: 1, g: 1, b: 1, a: 1}
  - {r: 1, g: 1, b: 1, a: 1}
  - {r: 1, g: 1, b: 1, a: 1}
  - {r: 1, g: 1, b: 1, a: 1}
  - {r: 1, g: 1, b: 1, a: 1}
  - {r: 1, g: 1, b: 1, a: 1}
  - {r: 1, g: 1, b: 1, a: 1}
  - {r: 1, g: 1, b: 1, a: 1}
  - {r: 1, g: 1, b: 1, a: 1}
  - {r: 1, g: 1, b: 1, a: 1}
  - {r: 1, g: 1, b: 1, a: 1}
  - {r: 1, g: 1, b: 1, a: 1}
  - {r: 1, g: 1, b: 1, a: 1}
  - {r: 1, g: 1, b: 1, a: 1}
  - {r: 1, g: 1, b: 1, a: 1}
  - {r: 1, g: 1, b: 1, a: 1}
  - {r: 1, g: 1, b: 1, a: 1}
  - {r: 1, g: 1, b: 1, a: 1}
  - {r: 1, g: 1, b: 1, a: 1}
  - {r: 1, g: 1, b: 1, a: 1}
  - {r: 1, g: 1, b: 1, a: 1}
  - {r: 1, g: 1, b: 1, a: 1}
  - {r: 1, g: 1, b: 1, a: 1}
  - {r: 1, g: 1, b: 1, a: 1}
  - {r: 1, g: 1, b: 1, a: 1}
  - {r: 1, g: 1, b: 1, a: 1}
  - {r: 1, g: 1, b: 1, a: 1}
  - {r: 1, g: 1, b: 1, a: 1}
  - {r: 1, g: 1, b: 1, a: 1}
  - {r: 1, g: 1, b: 1, a: 1}
  - {r: 1, g: 1, b: 1, a: 1}
  - {r: 1, g: 1, b: 1, a: 1}
  - {r: 1, g: 1, b: 1, a: 1}
  - {r: 1, g: 1, b: 1, a: 1}
  - {r: 1, g: 1, b: 1, a: 1}
  - {r: 1, g: 1, b: 1, a: 1}
  - {r: 1, g: 1, b: 1, a: 1}
  - {r: 1, g: 1, b: 1, a: 1}
  - {r: 1, g: 1, b: 1, a: 1}
  - {r: 1, g: 1, b: 1, a: 1}
  - {r: 1, g: 1, b: 1, a: 1}
  - {r: 1, g: 1, b: 1, a: 1}
  - {r: 1, g: 1, b: 1, a: 1}
  - {r: 1, g: 1, b: 1, a: 1}
  - {r: 1, g: 1, b: 1, a: 1}
  - {r: 1, g: 1, b: 1, a: 1}
  - {r: 1, g: 1, b: 1, a: 1}
  - {r: 1, g: 1, b: 1, a: 1}
  - {r: 1, g: 1, b: 1, a: 1}
  - {r: 1, g: 1, b: 1, a: 1}
  - {r: 1, g: 1, b: 1, a: 1}
  - {r: 1, g: 1, b: 1, a: 1}
  - {r: 1, g: 1, b: 1, a: 1}
  - {r: 1, g: 1, b: 1, a: 1}
  - {r: 1, g: 1, b: 1, a: 1}
  - {r: 1, g: 1, b: 1, a: 1}
  - {r: 1, g: 1, b: 1, a: 1}
  - {r: 1, g: 1, b: 1, a: 1}
  - {r: 1, g: 1, b: 1, a: 1}
  - {r: 1, g: 1, b: 1, a: 1}
  - {r: 1, g: 1, b: 1, a: 1}
  - {r: 1, g: 1, b: 1, a: 1}
  - {r: 1, g: 1, b: 1, a: 1}
  - {r: 1, g: 1, b: 1, a: 1}
  - {r: 1, g: 1, b: 1, a: 1}
  - {r: 1, g: 1, b: 1, a: 1}
  - {r: 1, g: 1, b: 1, a: 1}
  - {r: 1, g: 1, b: 1, a: 1}
  - {r: 1, g: 1, b: 1, a: 1}
  - {r: 1, g: 1, b: 1, a: 1}
  - {r: 1, g: 1, b: 1, a: 1}
  - {r: 1, g: 1, b: 1, a: 1}
  - {r: 1, g: 1, b: 1, a: 1}
  - {r: 1, g: 1, b: 1, a: 1}
  - {r: 1, g: 1, b: 1, a: 1}
  - {r: 1, g: 1, b: 1, a: 1}
  - {r: 1, g: 1, b: 1, a: 1}
  - {r: 1, g: 1, b: 1, a: 1}
  - {r: 1, g: 1, b: 1, a: 1}
  - {r: 1, g: 1, b: 1, a: 1}
  - {r: 1, g: 1, b: 1, a: 1}
  - {r: 1, g: 1, b: 1, a: 1}
  - {r: 1, g: 1, b: 1, a: 1}
  - {r: 1, g: 1, b: 1, a: 1}
  - {r: 1, g: 1, b: 1, a: 1}
  - {r: 1, g: 1, b: 1, a: 1}
  - {r: 1, g: 1, b: 1, a: 1}
  - {r: 1, g: 1, b: 1, a: 1}
  - {r: 1, g: 1, b: 1, a: 1}
  userCollisions: 0
  isSelectable: 1
  unwrapParameters:
    hardAngle: 88
    packMargin: 4
    angleError: 8
    areaError: 15
  asset_guid: 
  dontDestroyMeshOnDelete: 0
  m_selectedFaces: 
  m_SelectedEdges: []
  m_selectedTriangles: 
--- !u!114 &114885402658232094
MonoBehaviour:
  m_ObjectHideFlags: 1
  m_CorrespondingSourceObject: {fileID: 0}
  m_PrefabInternal: {fileID: 100100000}
  m_GameObject: {fileID: 1624395935405406}
  m_Enabled: 1
  m_EditorHideFlags: 0
  m_Script: {fileID: 11500000, guid: 39afc202af764b340a7aa7d47db522ce, type: 3}
  m_Name: 
  m_EditorClassIdentifier: 
  _Start:
    m_PersistentCalls:
      m_Calls: []
    m_TypeName: UnityEngine.Events.UnityEvent, UnityEngine, Version=0.0.0.0, Culture=neutral,
      PublicKeyToken=null
  _Update:
    m_PersistentCalls:
      m_Calls: []
    m_TypeName: UnityEngine.Events.UnityEvent, UnityEngine, Version=0.0.0.0, Culture=neutral,
      PublicKeyToken=null
  _OnTriggerEnter:
    m_PersistentCalls:
      m_Calls:
      - m_Target: {fileID: 11400000, guid: 1e9d74b315819b1419c822119eb8e1a0, type: 2}
        m_MethodName: Initialize
        m_Mode: 2
        m_Arguments:
          m_ObjectArgument: {fileID: 0}
          m_ObjectArgumentAssemblyTypeName: UnityEngine.GameObject, UnityEngine
          m_IntArgument: 0
          m_FloatArgument: 0
          m_StringArgument: 
          m_BoolArgument: 0
        m_CallState: 2
    m_TypeName: UnityEngine.Events.UnityEvent, UnityEngine, Version=0.0.0.0, Culture=neutral,
      PublicKeyToken=null
  _OnTriggerExit:
    m_PersistentCalls:
      m_Calls: []
    m_TypeName: UnityEngine.Events.UnityEvent, UnityEngine, Version=0.0.0.0, Culture=neutral,
      PublicKeyToken=null
  eventCounts: 
--- !u!135 &135342771460315080
SphereCollider:
  m_ObjectHideFlags: 1
  m_CorrespondingSourceObject: {fileID: 0}
  m_PrefabInternal: {fileID: 100100000}
  m_GameObject: {fileID: 1624395935405406}
  m_Material: {fileID: 0}
  m_IsTrigger: 1
  m_Enabled: 1
  serializedVersion: 2
  m_Radius: 0.5
  m_Center: {x: 0, y: 0, z: 0}
