%YAML 1.1
%TAG !u! tag:unity3d.com,2011:
--- !u!1001 &100100000
Prefab:
  m_ObjectHideFlags: 1
  serializedVersion: 2
  m_Modification:
    m_TransformParent: {fileID: 0}
    m_Modifications: []
    m_RemovedComponents: []
  m_SourcePrefab: {fileID: 0}
  m_RootGameObject: {fileID: 1108648777713816}
  m_IsPrefabAsset: 1
--- !u!1 &1108648777713816
GameObject:
  m_ObjectHideFlags: 0
  m_CorrespondingSourceObject: {fileID: 0}
  m_PrefabInternal: {fileID: 100100000}
  serializedVersion: 6
  m_Component:
  - component: {fileID: 4506895979989466}
  - component: {fileID: 33416274236073830}
  - component: {fileID: 114235898948859970}
  - component: {fileID: 23008305923414238}
  - component: {fileID: 114732347610901580}
  m_Layer: 0
  m_Name: Torus
  m_TagString: Untagged
  m_Icon: {fileID: 0}
  m_NavMeshLayer: 0
  m_StaticEditorFlags: 0
  m_IsActive: 1
--- !u!4 &4506895979989466
Transform:
  m_ObjectHideFlags: 1
  m_CorrespondingSourceObject: {fileID: 0}
  m_PrefabInternal: {fileID: 100100000}
  m_GameObject: {fileID: 1108648777713816}
  m_LocalRotation: {x: 0, y: 0, z: 0, w: 1}
  m_LocalPosition: {x: 0.5, y: 0.5, z: 0.5}
  m_LocalScale: {x: 1, y: 1, z: 1}
  m_Children: []
  m_Father: {fileID: 0}
  m_RootOrder: 0
  m_LocalEulerAnglesHint: {x: 0, y: 0, z: 0}
--- !u!23 &23008305923414238
MeshRenderer:
  m_ObjectHideFlags: 1
  m_CorrespondingSourceObject: {fileID: 0}
  m_PrefabInternal: {fileID: 100100000}
  m_GameObject: {fileID: 1108648777713816}
  m_Enabled: 1
  m_CastShadows: 1
  m_ReceiveShadows: 1
  m_DynamicOccludee: 1
  m_MotionVectors: 1
  m_LightProbeUsage: 1
  m_ReflectionProbeUsage: 1
  m_RenderingLayerMask: 4294967295
  m_Materials:
  - {fileID: 2100000, guid: e6859807ea7dd6a4fb727b488a8dc474, type: 2}
  m_StaticBatchInfo:
    firstSubMesh: 0
    subMeshCount: 0
  m_StaticBatchRoot: {fileID: 0}
  m_ProbeAnchor: {fileID: 0}
  m_LightProbeVolumeOverride: {fileID: 0}
  m_ScaleInLightmap: 1
  m_PreserveUVs: 0
  m_IgnoreNormalsForChartDetection: 0
  m_ImportantGI: 0
  m_StitchLightmapSeams: 0
  m_SelectedEditorRenderState: 0
  m_MinimumChartSize: 4
  m_AutoUVMaxDistance: 0.5
  m_AutoUVMaxAngle: 89
  m_LightmapParameters: {fileID: 0}
  m_SortingLayerID: 0
  m_SortingLayer: 0
  m_SortingOrder: 0
--- !u!33 &33416274236073830
MeshFilter:
  m_ObjectHideFlags: 1
  m_CorrespondingSourceObject: {fileID: 0}
  m_PrefabInternal: {fileID: 100100000}
  m_GameObject: {fileID: 1108648777713816}
  m_Mesh: {fileID: 0}
--- !u!114 &114235898948859970
MonoBehaviour:
  m_ObjectHideFlags: 1
  m_CorrespondingSourceObject: {fileID: 0}
  m_PrefabInternal: {fileID: 100100000}
  m_GameObject: {fileID: 1108648777713816}
  m_Enabled: 1
  m_EditorHideFlags: 0
  m_Script: {fileID: 16342205, guid: 0472bdc8d6d15384d98f22ee34302f9c, type: 3}
  m_Name: 
  m_EditorClassIdentifier: 
  _entityType: 4
--- !u!114 &114732347610901580
MonoBehaviour:
  m_ObjectHideFlags: 1
  m_CorrespondingSourceObject: {fileID: 0}
  m_PrefabInternal: {fileID: 100100000}
  m_GameObject: {fileID: 1108648777713816}
  m_Enabled: 1
  m_EditorHideFlags: 0
  m_Script: {fileID: 185759285, guid: 0472bdc8d6d15384d98f22ee34302f9c, type: 3}
  m_Name: 
  m_EditorClassIdentifier: 
  _quads:
  - _indices: 000000001200000001000000120000001300000001000000
    _distinctIndices: 00000000120000000100000013000000
    _edges:
    - x: 0
      y: 18
    - x: 1
      y: 0
    - x: 18
      y: 19
    - x: 19
      y: 1
    _smoothingGroup: -1
    _uv:
      useWorldSpace: 0
      flipU: 0
      flipV: 0
      swapUV: 0
      fill: 1
      scale: {x: 1, y: 1}
      offset: {x: 0, y: 0}
      rotation: 0
      justify: 0
      localPivot: {x: 0, y: 0}
      localSize: {x: 0, y: 0}
      anchor: 9
    _mat: {fileID: 2100000, guid: e6859807ea7dd6a4fb727b488a8dc474, type: 2}
    manualUV: 1
    elementGroup: -1
    textureGroup: -1
  - _indices: 020000001400000003000000140000001500000003000000
    _distinctIndices: 02000000140000000300000015000000
    _edges:
    - x: 2
      y: 20
    - x: 3
      y: 2
    - x: 20
      y: 21
    - x: 21
      y: 3
    _smoothingGroup: -1
    _uv:
      useWorldSpace: 0
      flipU: 0
      flipV: 0
      swapUV: 0
      fill: 1
      scale: {x: 1, y: 1}
      offset: {x: 0, y: 0}
      rotation: 0
      justify: 0
      localPivot: {x: 0, y: 0}
      localSize: {x: 0, y: 0}
      anchor: 9
    _mat: {fileID: 2100000, guid: e6859807ea7dd6a4fb727b488a8dc474, type: 2}
    manualUV: 1
    elementGroup: -1
    textureGroup: -1
  - _indices: 040000001600000005000000160000001700000005000000
    _distinctIndices: 04000000160000000500000017000000
    _edges:
    - x: 4
      y: 22
    - x: 5
      y: 4
    - x: 22
      y: 23
    - x: 23
      y: 5
    _smoothingGroup: -1
    _uv:
      useWorldSpace: 0
      flipU: 0
      flipV: 0
      swapUV: 0
      fill: 1
      scale: {x: 1, y: 1}
      offset: {x: 0, y: 0}
      rotation: 0
      justify: 0
      localPivot: {x: 0, y: 0}
      localSize: {x: 0, y: 0}
      anchor: 9
    _mat: {fileID: 2100000, guid: e6859807ea7dd6a4fb727b488a8dc474, type: 2}
    manualUV: 1
    elementGroup: -1
    textureGroup: -1
  - _indices: 060000001800000007000000180000001900000007000000
    _distinctIndices: 06000000180000000700000019000000
    _edges:
    - x: 6
      y: 24
    - x: 7
      y: 6
    - x: 24
      y: 25
    - x: 25
      y: 7
    _smoothingGroup: -1
    _uv:
      useWorldSpace: 0
      flipU: 0
      flipV: 0
      swapUV: 0
      fill: 1
      scale: {x: 1, y: 1}
      offset: {x: 0, y: 0}
      rotation: 0
      justify: 0
      localPivot: {x: 0, y: 0}
      localSize: {x: 0, y: 0}
      anchor: 9
    _mat: {fileID: 2100000, guid: e6859807ea7dd6a4fb727b488a8dc474, type: 2}
    manualUV: 1
    elementGroup: -1
    textureGroup: -1
  - _indices: 080000001a000000090000001a0000001b00000009000000
    _distinctIndices: 080000001a000000090000001b000000
    _edges:
    - x: 8
      y: 26
    - x: 9
      y: 8
    - x: 26
      y: 27
    - x: 27
      y: 9
    _smoothingGroup: -1
    _uv:
      useWorldSpace: 0
      flipU: 0
      flipV: 0
      swapUV: 0
      fill: 1
      scale: {x: 1, y: 1}
      offset: {x: 0, y: 0}
      rotation: 0
      justify: 0
      localPivot: {x: 0, y: 0}
      localSize: {x: 0, y: 0}
      anchor: 9
    _mat: {fileID: 2100000, guid: e6859807ea7dd6a4fb727b488a8dc474, type: 2}
    manualUV: 1
    elementGroup: -1
    textureGroup: -1
  - _indices: 0a0000001c0000000b0000001c0000001d0000000b000000
    _distinctIndices: 0a0000001c0000000b0000001d000000
    _edges:
    - x: 10
      y: 28
    - x: 11
      y: 10
    - x: 28
      y: 29
    - x: 29
      y: 11
    _smoothingGroup: -1
    _uv:
      useWorldSpace: 0
      flipU: 0
      flipV: 0
      swapUV: 0
      fill: 1
      scale: {x: 1, y: 1}
      offset: {x: 0, y: 0}
      rotation: 0
      justify: 0
      localPivot: {x: 0, y: 0}
      localSize: {x: 0, y: 0}
      anchor: 9
    _mat: {fileID: 2100000, guid: e6859807ea7dd6a4fb727b488a8dc474, type: 2}
    manualUV: 1
    elementGroup: -1
    textureGroup: -1
  - _indices: 0c0000001e0000000d0000001e0000001f0000000d000000
    _distinctIndices: 0c0000001e0000000d0000001f000000
    _edges:
    - x: 12
      y: 30
    - x: 13
      y: 12
    - x: 30
      y: 31
    - x: 31
      y: 13
    _smoothingGroup: -1
    _uv:
      useWorldSpace: 0
      flipU: 0
      flipV: 0
      swapUV: 0
      fill: 1
      scale: {x: 1, y: 1}
      offset: {x: 0, y: 0}
      rotation: 0
      justify: 0
      localPivot: {x: 0, y: 0}
      localSize: {x: 0, y: 0}
      anchor: 9
    _mat: {fileID: 2100000, guid: e6859807ea7dd6a4fb727b488a8dc474, type: 2}
    manualUV: 1
    elementGroup: -1
    textureGroup: -1
  - _indices: 0e000000200000000f00000020000000210000000f000000
    _distinctIndices: 0e000000200000000f00000021000000
    _edges:
    - x: 14
      y: 32
    - x: 15
      y: 14
    - x: 32
      y: 33
    - x: 33
      y: 15
    _smoothingGroup: -1
    _uv:
      useWorldSpace: 0
      flipU: 0
      flipV: 0
      swapUV: 0
      fill: 1
      scale: {x: 1, y: 1}
      offset: {x: 0, y: 0}
      rotation: 0
      justify: 0
      localPivot: {x: 0, y: 0}
      localSize: {x: 0, y: 0}
      anchor: 9
    _mat: {fileID: 2100000, guid: e6859807ea7dd6a4fb727b488a8dc474, type: 2}
    manualUV: 1
    elementGroup: -1
    textureGroup: -1
  - _indices: 100000002200000011000000220000002300000011000000
    _distinctIndices: 10000000220000001100000023000000
    _edges:
    - x: 16
      y: 34
    - x: 17
      y: 16
    - x: 34
      y: 35
    - x: 35
      y: 17
    _smoothingGroup: -1
    _uv:
      useWorldSpace: 0
      flipU: 0
      flipV: 0
      swapUV: 0
      fill: 1
      scale: {x: 1, y: 1}
      offset: {x: 0, y: 0}
      rotation: 0
      justify: 0
      localPivot: {x: 0, y: 0}
      localSize: {x: 0, y: 0}
      anchor: 9
    _mat: {fileID: 2100000, guid: e6859807ea7dd6a4fb727b488a8dc474, type: 2}
    manualUV: 1
    elementGroup: -1
    textureGroup: -1
  - _indices: 240000003600000025000000360000003700000025000000
    _distinctIndices: 24000000360000002500000037000000
    _edges:
    - x: 36
      y: 54
    - x: 37
      y: 36
    - x: 54
      y: 55
    - x: 55
      y: 37
    _smoothingGroup: -1
    _uv:
      useWorldSpace: 0
      flipU: 0
      flipV: 0
      swapUV: 0
      fill: 1
      scale: {x: 1, y: 1}
      offset: {x: 0, y: 0}
      rotation: 0
      justify: 0
      localPivot: {x: 0, y: 0}
      localSize: {x: 0, y: 0}
      anchor: 9
    _mat: {fileID: 2100000, guid: e6859807ea7dd6a4fb727b488a8dc474, type: 2}
    manualUV: 1
    elementGroup: -1
    textureGroup: -1
  - _indices: 260000003800000027000000380000003900000027000000
    _distinctIndices: 26000000380000002700000039000000
    _edges:
    - x: 38
      y: 56
    - x: 39
      y: 38
    - x: 56
      y: 57
    - x: 57
      y: 39
    _smoothingGroup: -1
    _uv:
      useWorldSpace: 0
      flipU: 0
      flipV: 0
      swapUV: 0
      fill: 1
      scale: {x: 1, y: 1}
      offset: {x: 0, y: 0}
      rotation: 0
      justify: 0
      localPivot: {x: 0, y: 0}
      localSize: {x: 0, y: 0}
      anchor: 9
    _mat: {fileID: 2100000, guid: e6859807ea7dd6a4fb727b488a8dc474, type: 2}
    manualUV: 1
    elementGroup: -1
    textureGroup: -1
  - _indices: 280000003a000000290000003a0000003b00000029000000
    _distinctIndices: 280000003a000000290000003b000000
    _edges:
    - x: 40
      y: 58
    - x: 41
      y: 40
    - x: 58
      y: 59
    - x: 59
      y: 41
    _smoothingGroup: -1
    _uv:
      useWorldSpace: 0
      flipU: 0
      flipV: 0
      swapUV: 0
      fill: 1
      scale: {x: 1, y: 1}
      offset: {x: 0, y: 0}
      rotation: 0
      justify: 0
      localPivot: {x: 0, y: 0}
      localSize: {x: 0, y: 0}
      anchor: 9
    _mat: {fileID: 2100000, guid: e6859807ea7dd6a4fb727b488a8dc474, type: 2}
    manualUV: 1
    elementGroup: -1
    textureGroup: -1
  - _indices: 2a0000003c0000002b0000003c0000003d0000002b000000
    _distinctIndices: 2a0000003c0000002b0000003d000000
    _edges:
    - x: 42
      y: 60
    - x: 43
      y: 42
    - x: 60
      y: 61
    - x: 61
      y: 43
    _smoothingGroup: -1
    _uv:
      useWorldSpace: 0
      flipU: 0
      flipV: 0
      swapUV: 0
      fill: 1
      scale: {x: 1, y: 1}
      offset: {x: 0, y: 0}
      rotation: 0
      justify: 0
      localPivot: {x: 0, y: 0}
      localSize: {x: 0, y: 0}
      anchor: 9
    _mat: {fileID: 2100000, guid: e6859807ea7dd6a4fb727b488a8dc474, type: 2}
    manualUV: 1
    elementGroup: -1
    textureGroup: -1
  - _indices: 2c0000003e0000002d0000003e0000003f0000002d000000
    _distinctIndices: 2c0000003e0000002d0000003f000000
    _edges:
    - x: 44
      y: 62
    - x: 45
      y: 44
    - x: 62
      y: 63
    - x: 63
      y: 45
    _smoothingGroup: -1
    _uv:
      useWorldSpace: 0
      flipU: 0
      flipV: 0
      swapUV: 0
      fill: 1
      scale: {x: 1, y: 1}
      offset: {x: 0, y: 0}
      rotation: 0
      justify: 0
      localPivot: {x: 0, y: 0}
      localSize: {x: 0, y: 0}
      anchor: 9
    _mat: {fileID: 2100000, guid: e6859807ea7dd6a4fb727b488a8dc474, type: 2}
    manualUV: 1
    elementGroup: -1
    textureGroup: -1
  - _indices: 2e000000400000002f00000040000000410000002f000000
    _distinctIndices: 2e000000400000002f00000041000000
    _edges:
    - x: 46
      y: 64
    - x: 47
      y: 46
    - x: 64
      y: 65
    - x: 65
      y: 47
    _smoothingGroup: -1
    _uv:
      useWorldSpace: 0
      flipU: 0
      flipV: 0
      swapUV: 0
      fill: 1
      scale: {x: 1, y: 1}
      offset: {x: 0, y: 0}
      rotation: 0
      justify: 0
      localPivot: {x: 0, y: 0}
      localSize: {x: 0, y: 0}
      anchor: 9
    _mat: {fileID: 2100000, guid: e6859807ea7dd6a4fb727b488a8dc474, type: 2}
    manualUV: 1
    elementGroup: -1
    textureGroup: -1
  - _indices: 300000004200000031000000420000004300000031000000
    _distinctIndices: 30000000420000003100000043000000
    _edges:
    - x: 48
      y: 66
    - x: 49
      y: 48
    - x: 66
      y: 67
    - x: 67
      y: 49
    _smoothingGroup: -1
    _uv:
      useWorldSpace: 0
      flipU: 0
      flipV: 0
      swapUV: 0
      fill: 1
      scale: {x: 1, y: 1}
      offset: {x: 0, y: 0}
      rotation: 0
      justify: 0
      localPivot: {x: 0, y: 0}
      localSize: {x: 0, y: 0}
      anchor: 9
    _mat: {fileID: 2100000, guid: e6859807ea7dd6a4fb727b488a8dc474, type: 2}
    manualUV: 1
    elementGroup: -1
    textureGroup: -1
  - _indices: 320000004400000033000000440000004500000033000000
    _distinctIndices: 32000000440000003300000045000000
    _edges:
    - x: 50
      y: 68
    - x: 51
      y: 50
    - x: 68
      y: 69
    - x: 69
      y: 51
    _smoothingGroup: -1
    _uv:
      useWorldSpace: 0
      flipU: 0
      flipV: 0
      swapUV: 0
      fill: 1
      scale: {x: 1, y: 1}
      offset: {x: 0, y: 0}
      rotation: 0
      justify: 0
      localPivot: {x: 0, y: 0}
      localSize: {x: 0, y: 0}
      anchor: 9
    _mat: {fileID: 2100000, guid: e6859807ea7dd6a4fb727b488a8dc474, type: 2}
    manualUV: 1
    elementGroup: -1
    textureGroup: -1
  - _indices: 340000004600000035000000460000004700000035000000
    _distinctIndices: 34000000460000003500000047000000
    _edges:
    - x: 52
      y: 70
    - x: 53
      y: 52
    - x: 70
      y: 71
    - x: 71
      y: 53
    _smoothingGroup: -1
    _uv:
      useWorldSpace: 0
      flipU: 0
      flipV: 0
      swapUV: 0
      fill: 1
      scale: {x: 1, y: 1}
      offset: {x: 0, y: 0}
      rotation: 0
      justify: 0
      localPivot: {x: 0, y: 0}
      localSize: {x: 0, y: 0}
      anchor: 9
    _mat: {fileID: 2100000, guid: e6859807ea7dd6a4fb727b488a8dc474, type: 2}
    manualUV: 1
    elementGroup: -1
    textureGroup: -1
  - _indices: 480000005a000000490000005a0000005b00000049000000
    _distinctIndices: 480000005a000000490000005b000000
    _edges:
    - x: 72
      y: 90
    - x: 73
      y: 72
    - x: 90
      y: 91
    - x: 91
      y: 73
    _smoothingGroup: -1
    _uv:
      useWorldSpace: 0
      flipU: 0
      flipV: 0
      swapUV: 0
      fill: 1
      scale: {x: 1, y: 1}
      offset: {x: 0, y: 0}
      rotation: 0
      justify: 0
      localPivot: {x: 0, y: 0}
      localSize: {x: 0, y: 0}
      anchor: 9
    _mat: {fileID: 2100000, guid: e6859807ea7dd6a4fb727b488a8dc474, type: 2}
    manualUV: 1
    elementGroup: -1
    textureGroup: -1
  - _indices: 4a0000005c0000004b0000005c0000005d0000004b000000
    _distinctIndices: 4a0000005c0000004b0000005d000000
    _edges:
    - x: 74
      y: 92
    - x: 75
      y: 74
    - x: 92
      y: 93
    - x: 93
      y: 75
    _smoothingGroup: -1
    _uv:
      useWorldSpace: 0
      flipU: 0
      flipV: 0
      swapUV: 0
      fill: 1
      scale: {x: 1, y: 1}
      offset: {x: 0, y: 0}
      rotation: 0
      justify: 0
      localPivot: {x: 0, y: 0}
      localSize: {x: 0, y: 0}
      anchor: 9
    _mat: {fileID: 2100000, guid: e6859807ea7dd6a4fb727b488a8dc474, type: 2}
    manualUV: 1
    elementGroup: -1
    textureGroup: -1
  - _indices: 4c0000005e0000004d0000005e0000005f0000004d000000
    _distinctIndices: 4c0000005e0000004d0000005f000000
    _edges:
    - x: 76
      y: 94
    - x: 77
      y: 76
    - x: 94
      y: 95
    - x: 95
      y: 77
    _smoothingGroup: -1
    _uv:
      useWorldSpace: 0
      flipU: 0
      flipV: 0
      swapUV: 0
      fill: 1
      scale: {x: 1, y: 1}
      offset: {x: 0, y: 0}
      rotation: 0
      justify: 0
      localPivot: {x: 0, y: 0}
      localSize: {x: 0, y: 0}
      anchor: 9
    _mat: {fileID: 2100000, guid: e6859807ea7dd6a4fb727b488a8dc474, type: 2}
    manualUV: 1
    elementGroup: -1
    textureGroup: -1
  - _indices: 4e000000600000004f00000060000000610000004f000000
    _distinctIndices: 4e000000600000004f00000061000000
    _edges:
    - x: 78
      y: 96
    - x: 79
      y: 78
    - x: 96
      y: 97
    - x: 97
      y: 79
    _smoothingGroup: -1
    _uv:
      useWorldSpace: 0
      flipU: 0
      flipV: 0
      swapUV: 0
      fill: 1
      scale: {x: 1, y: 1}
      offset: {x: 0, y: 0}
      rotation: 0
      justify: 0
      localPivot: {x: 0, y: 0}
      localSize: {x: 0, y: 0}
      anchor: 9
    _mat: {fileID: 2100000, guid: e6859807ea7dd6a4fb727b488a8dc474, type: 2}
    manualUV: 1
    elementGroup: -1
    textureGroup: -1
  - _indices: 500000006200000051000000620000006300000051000000
    _distinctIndices: 50000000620000005100000063000000
    _edges:
    - x: 80
      y: 98
    - x: 81
      y: 80
    - x: 98
      y: 99
    - x: 99
      y: 81
    _smoothingGroup: -1
    _uv:
      useWorldSpace: 0
      flipU: 0
      flipV: 0
      swapUV: 0
      fill: 1
      scale: {x: 1, y: 1}
      offset: {x: 0, y: 0}
      rotation: 0
      justify: 0
      localPivot: {x: 0, y: 0}
      localSize: {x: 0, y: 0}
      anchor: 9
    _mat: {fileID: 2100000, guid: e6859807ea7dd6a4fb727b488a8dc474, type: 2}
    manualUV: 1
    elementGroup: -1
    textureGroup: -1
  - _indices: 520000006400000053000000640000006500000053000000
    _distinctIndices: 52000000640000005300000065000000
    _edges:
    - x: 82
      y: 100
    - x: 83
      y: 82
    - x: 100
      y: 101
    - x: 101
      y: 83
    _smoothingGroup: -1
    _uv:
      useWorldSpace: 0
      flipU: 0
      flipV: 0
      swapUV: 0
      fill: 1
      scale: {x: 1, y: 1}
      offset: {x: 0, y: 0}
      rotation: 0
      justify: 0
      localPivot: {x: 0, y: 0}
      localSize: {x: 0, y: 0}
      anchor: 9
    _mat: {fileID: 2100000, guid: e6859807ea7dd6a4fb727b488a8dc474, type: 2}
    manualUV: 1
    elementGroup: -1
    textureGroup: -1
  - _indices: 540000006600000055000000660000006700000055000000
    _distinctIndices: 54000000660000005500000067000000
    _edges:
    - x: 84
      y: 102
    - x: 85
      y: 84
    - x: 102
      y: 103
    - x: 103
      y: 85
    _smoothingGroup: -1
    _uv:
      useWorldSpace: 0
      flipU: 0
      flipV: 0
      swapUV: 0
      fill: 1
      scale: {x: 1, y: 1}
      offset: {x: 0, y: 0}
      rotation: 0
      justify: 0
      localPivot: {x: 0, y: 0}
      localSize: {x: 0, y: 0}
      anchor: 9
    _mat: {fileID: 2100000, guid: e6859807ea7dd6a4fb727b488a8dc474, type: 2}
    manualUV: 1
    elementGroup: -1
    textureGroup: -1
  - _indices: 560000006800000057000000680000006900000057000000
    _distinctIndices: 56000000680000005700000069000000
    _edges:
    - x: 86
      y: 104
    - x: 87
      y: 86
    - x: 104
      y: 105
    - x: 105
      y: 87
    _smoothingGroup: -1
    _uv:
      useWorldSpace: 0
      flipU: 0
      flipV: 0
      swapUV: 0
      fill: 1
      scale: {x: 1, y: 1}
      offset: {x: 0, y: 0}
      rotation: 0
      justify: 0
      localPivot: {x: 0, y: 0}
      localSize: {x: 0, y: 0}
      anchor: 9
    _mat: {fileID: 2100000, guid: e6859807ea7dd6a4fb727b488a8dc474, type: 2}
    manualUV: 1
    elementGroup: -1
    textureGroup: -1
  - _indices: 580000006a000000590000006a0000006b00000059000000
    _distinctIndices: 580000006a000000590000006b000000
    _edges:
    - x: 88
      y: 106
    - x: 89
      y: 88
    - x: 106
      y: 107
    - x: 107
      y: 89
    _smoothingGroup: -1
    _uv:
      useWorldSpace: 0
      flipU: 0
      flipV: 0
      swapUV: 0
      fill: 1
      scale: {x: 1, y: 1}
      offset: {x: 0, y: 0}
      rotation: 0
      justify: 0
      localPivot: {x: 0, y: 0}
      localSize: {x: 0, y: 0}
      anchor: 9
    _mat: {fileID: 2100000, guid: e6859807ea7dd6a4fb727b488a8dc474, type: 2}
    manualUV: 1
    elementGroup: -1
    textureGroup: -1
  - _indices: 6c0000007e0000006d0000007e0000007f0000006d000000
    _distinctIndices: 6c0000007e0000006d0000007f000000
    _edges:
    - x: 108
      y: 126
    - x: 109
      y: 108
    - x: 126
      y: 127
    - x: 127
      y: 109
    _smoothingGroup: -1
    _uv:
      useWorldSpace: 0
      flipU: 0
      flipV: 0
      swapUV: 0
      fill: 1
      scale: {x: 1, y: 1}
      offset: {x: 0, y: 0}
      rotation: 0
      justify: 0
      localPivot: {x: 0, y: 0}
      localSize: {x: 0, y: 0}
      anchor: 9
    _mat: {fileID: 2100000, guid: e6859807ea7dd6a4fb727b488a8dc474, type: 2}
    manualUV: 1
    elementGroup: -1
    textureGroup: -1
  - _indices: 6e000000800000006f00000080000000810000006f000000
    _distinctIndices: 6e000000800000006f00000081000000
    _edges:
    - x: 110
      y: 128
    - x: 111
      y: 110
    - x: 128
      y: 129
    - x: 129
      y: 111
    _smoothingGroup: -1
    _uv:
      useWorldSpace: 0
      flipU: 0
      flipV: 0
      swapUV: 0
      fill: 1
      scale: {x: 1, y: 1}
      offset: {x: 0, y: 0}
      rotation: 0
      justify: 0
      localPivot: {x: 0, y: 0}
      localSize: {x: 0, y: 0}
      anchor: 9
    _mat: {fileID: 2100000, guid: e6859807ea7dd6a4fb727b488a8dc474, type: 2}
    manualUV: 1
    elementGroup: -1
    textureGroup: -1
  - _indices: 700000008200000071000000820000008300000071000000
    _distinctIndices: 70000000820000007100000083000000
    _edges:
    - x: 112
      y: 130
    - x: 113
      y: 112
    - x: 130
      y: 131
    - x: 131
      y: 113
    _smoothingGroup: -1
    _uv:
      useWorldSpace: 0
      flipU: 0
      flipV: 0
      swapUV: 0
      fill: 1
      scale: {x: 1, y: 1}
      offset: {x: 0, y: 0}
      rotation: 0
      justify: 0
      localPivot: {x: 0, y: 0}
      localSize: {x: 0, y: 0}
      anchor: 9
    _mat: {fileID: 2100000, guid: e6859807ea7dd6a4fb727b488a8dc474, type: 2}
    manualUV: 1
    elementGroup: -1
    textureGroup: -1
  - _indices: 720000008400000073000000840000008500000073000000
    _distinctIndices: 72000000840000007300000085000000
    _edges:
    - x: 114
      y: 132
    - x: 115
      y: 114
    - x: 132
      y: 133
    - x: 133
      y: 115
    _smoothingGroup: -1
    _uv:
      useWorldSpace: 0
      flipU: 0
      flipV: 0
      swapUV: 0
      fill: 1
      scale: {x: 1, y: 1}
      offset: {x: 0, y: 0}
      rotation: 0
      justify: 0
      localPivot: {x: 0, y: 0}
      localSize: {x: 0, y: 0}
      anchor: 9
    _mat: {fileID: 2100000, guid: e6859807ea7dd6a4fb727b488a8dc474, type: 2}
    manualUV: 1
    elementGroup: -1
    textureGroup: -1
  - _indices: 740000008600000075000000860000008700000075000000
    _distinctIndices: 74000000860000007500000087000000
    _edges:
    - x: 116
      y: 134
    - x: 117
      y: 116
    - x: 134
      y: 135
    - x: 135
      y: 117
    _smoothingGroup: -1
    _uv:
      useWorldSpace: 0
      flipU: 0
      flipV: 0
      swapUV: 0
      fill: 1
      scale: {x: 1, y: 1}
      offset: {x: 0, y: 0}
      rotation: 0
      justify: 0
      localPivot: {x: 0, y: 0}
      localSize: {x: 0, y: 0}
      anchor: 9
    _mat: {fileID: 2100000, guid: e6859807ea7dd6a4fb727b488a8dc474, type: 2}
    manualUV: 1
    elementGroup: -1
    textureGroup: -1
  - _indices: 760000008800000077000000880000008900000077000000
    _distinctIndices: 76000000880000007700000089000000
    _edges:
    - x: 118
      y: 136
    - x: 119
      y: 118
    - x: 136
      y: 137
    - x: 137
      y: 119
    _smoothingGroup: -1
    _uv:
      useWorldSpace: 0
      flipU: 0
      flipV: 0
      swapUV: 0
      fill: 1
      scale: {x: 1, y: 1}
      offset: {x: 0, y: 0}
      rotation: 0
      justify: 0
      localPivot: {x: 0, y: 0}
      localSize: {x: 0, y: 0}
      anchor: 9
    _mat: {fileID: 2100000, guid: e6859807ea7dd6a4fb727b488a8dc474, type: 2}
    manualUV: 1
    elementGroup: -1
    textureGroup: -1
  - _indices: 780000008a000000790000008a0000008b00000079000000
    _distinctIndices: 780000008a000000790000008b000000
    _edges:
    - x: 120
      y: 138
    - x: 121
      y: 120
    - x: 138
      y: 139
    - x: 139
      y: 121
    _smoothingGroup: -1
    _uv:
      useWorldSpace: 0
      flipU: 0
      flipV: 0
      swapUV: 0
      fill: 1
      scale: {x: 1, y: 1}
      offset: {x: 0, y: 0}
      rotation: 0
      justify: 0
      localPivot: {x: 0, y: 0}
      localSize: {x: 0, y: 0}
      anchor: 9
    _mat: {fileID: 2100000, guid: e6859807ea7dd6a4fb727b488a8dc474, type: 2}
    manualUV: 1
    elementGroup: -1
    textureGroup: -1
  - _indices: 7a0000008c0000007b0000008c0000008d0000007b000000
    _distinctIndices: 7a0000008c0000007b0000008d000000
    _edges:
    - x: 122
      y: 140
    - x: 123
      y: 122
    - x: 140
      y: 141
    - x: 141
      y: 123
    _smoothingGroup: -1
    _uv:
      useWorldSpace: 0
      flipU: 0
      flipV: 0
      swapUV: 0
      fill: 1
      scale: {x: 1, y: 1}
      offset: {x: 0, y: 0}
      rotation: 0
      justify: 0
      localPivot: {x: 0, y: 0}
      localSize: {x: 0, y: 0}
      anchor: 9
    _mat: {fileID: 2100000, guid: e6859807ea7dd6a4fb727b488a8dc474, type: 2}
    manualUV: 1
    elementGroup: -1
    textureGroup: -1
  - _indices: 7c0000008e0000007d0000008e0000008f0000007d000000
    _distinctIndices: 7c0000008e0000007d0000008f000000
    _edges:
    - x: 124
      y: 142
    - x: 125
      y: 124
    - x: 142
      y: 143
    - x: 143
      y: 125
    _smoothingGroup: -1
    _uv:
      useWorldSpace: 0
      flipU: 0
      flipV: 0
      swapUV: 0
      fill: 1
      scale: {x: 1, y: 1}
      offset: {x: 0, y: 0}
      rotation: 0
      justify: 0
      localPivot: {x: 0, y: 0}
      localSize: {x: 0, y: 0}
      anchor: 9
    _mat: {fileID: 2100000, guid: e6859807ea7dd6a4fb727b488a8dc474, type: 2}
    manualUV: 1
    elementGroup: -1
    textureGroup: -1
  - _indices: 90000000a200000091000000a2000000a300000091000000
    _distinctIndices: 90000000a200000091000000a3000000
    _edges:
    - x: 144
      y: 162
    - x: 145
      y: 144
    - x: 162
      y: 163
    - x: 163
      y: 145
    _smoothingGroup: -1
    _uv:
      useWorldSpace: 0
      flipU: 0
      flipV: 0
      swapUV: 0
      fill: 1
      scale: {x: 1, y: 1}
      offset: {x: 0, y: 0}
      rotation: 0
      justify: 0
      localPivot: {x: 0, y: 0}
      localSize: {x: 0, y: 0}
      anchor: 9
    _mat: {fileID: 2100000, guid: e6859807ea7dd6a4fb727b488a8dc474, type: 2}
    manualUV: 1
    elementGroup: -1
    textureGroup: -1
  - _indices: 92000000a400000093000000a4000000a500000093000000
    _distinctIndices: 92000000a400000093000000a5000000
    _edges:
    - x: 146
      y: 164
    - x: 147
      y: 146
    - x: 164
      y: 165
    - x: 165
      y: 147
    _smoothingGroup: -1
    _uv:
      useWorldSpace: 0
      flipU: 0
      flipV: 0
      swapUV: 0
      fill: 1
      scale: {x: 1, y: 1}
      offset: {x: 0, y: 0}
      rotation: 0
      justify: 0
      localPivot: {x: 0, y: 0}
      localSize: {x: 0, y: 0}
      anchor: 9
    _mat: {fileID: 2100000, guid: e6859807ea7dd6a4fb727b488a8dc474, type: 2}
    manualUV: 1
    elementGroup: -1
    textureGroup: -1
  - _indices: 94000000a600000095000000a6000000a700000095000000
    _distinctIndices: 94000000a600000095000000a7000000
    _edges:
    - x: 148
      y: 166
    - x: 149
      y: 148
    - x: 166
      y: 167
    - x: 167
      y: 149
    _smoothingGroup: -1
    _uv:
      useWorldSpace: 0
      flipU: 0
      flipV: 0
      swapUV: 0
      fill: 1
      scale: {x: 1, y: 1}
      offset: {x: 0, y: 0}
      rotation: 0
      justify: 0
      localPivot: {x: 0, y: 0}
      localSize: {x: 0, y: 0}
      anchor: 9
    _mat: {fileID: 2100000, guid: e6859807ea7dd6a4fb727b488a8dc474, type: 2}
    manualUV: 1
    elementGroup: -1
    textureGroup: -1
  - _indices: 96000000a800000097000000a8000000a900000097000000
    _distinctIndices: 96000000a800000097000000a9000000
    _edges:
    - x: 150
      y: 168
    - x: 151
      y: 150
    - x: 168
      y: 169
    - x: 169
      y: 151
    _smoothingGroup: -1
    _uv:
      useWorldSpace: 0
      flipU: 0
      flipV: 0
      swapUV: 0
      fill: 1
      scale: {x: 1, y: 1}
      offset: {x: 0, y: 0}
      rotation: 0
      justify: 0
      localPivot: {x: 0, y: 0}
      localSize: {x: 0, y: 0}
      anchor: 9
    _mat: {fileID: 2100000, guid: e6859807ea7dd6a4fb727b488a8dc474, type: 2}
    manualUV: 1
    elementGroup: -1
    textureGroup: -1
  - _indices: 98000000aa00000099000000aa000000ab00000099000000
    _distinctIndices: 98000000aa00000099000000ab000000
    _edges:
    - x: 152
      y: 170
    - x: 153
      y: 152
    - x: 170
      y: 171
    - x: 171
      y: 153
    _smoothingGroup: -1
    _uv:
      useWorldSpace: 0
      flipU: 0
      flipV: 0
      swapUV: 0
      fill: 1
      scale: {x: 1, y: 1}
      offset: {x: 0, y: 0}
      rotation: 0
      justify: 0
      localPivot: {x: 0, y: 0}
      localSize: {x: 0, y: 0}
      anchor: 9
    _mat: {fileID: 2100000, guid: e6859807ea7dd6a4fb727b488a8dc474, type: 2}
    manualUV: 1
    elementGroup: -1
    textureGroup: -1
  - _indices: 9a000000ac0000009b000000ac000000ad0000009b000000
    _distinctIndices: 9a000000ac0000009b000000ad000000
    _edges:
    - x: 154
      y: 172
    - x: 155
      y: 154
    - x: 172
      y: 173
    - x: 173
      y: 155
    _smoothingGroup: -1
    _uv:
      useWorldSpace: 0
      flipU: 0
      flipV: 0
      swapUV: 0
      fill: 1
      scale: {x: 1, y: 1}
      offset: {x: 0, y: 0}
      rotation: 0
      justify: 0
      localPivot: {x: 0, y: 0}
      localSize: {x: 0, y: 0}
      anchor: 9
    _mat: {fileID: 2100000, guid: e6859807ea7dd6a4fb727b488a8dc474, type: 2}
    manualUV: 1
    elementGroup: -1
    textureGroup: -1
  - _indices: 9c000000ae0000009d000000ae000000af0000009d000000
    _distinctIndices: 9c000000ae0000009d000000af000000
    _edges:
    - x: 156
      y: 174
    - x: 157
      y: 156
    - x: 174
      y: 175
    - x: 175
      y: 157
    _smoothingGroup: -1
    _uv:
      useWorldSpace: 0
      flipU: 0
      flipV: 0
      swapUV: 0
      fill: 1
      scale: {x: 1, y: 1}
      offset: {x: 0, y: 0}
      rotation: 0
      justify: 0
      localPivot: {x: 0, y: 0}
      localSize: {x: 0, y: 0}
      anchor: 9
    _mat: {fileID: 2100000, guid: e6859807ea7dd6a4fb727b488a8dc474, type: 2}
    manualUV: 1
    elementGroup: -1
    textureGroup: -1
  - _indices: 9e000000b00000009f000000b0000000b10000009f000000
    _distinctIndices: 9e000000b00000009f000000b1000000
    _edges:
    - x: 158
      y: 176
    - x: 159
      y: 158
    - x: 176
      y: 177
    - x: 177
      y: 159
    _smoothingGroup: -1
    _uv:
      useWorldSpace: 0
      flipU: 0
      flipV: 0
      swapUV: 0
      fill: 1
      scale: {x: 1, y: 1}
      offset: {x: 0, y: 0}
      rotation: 0
      justify: 0
      localPivot: {x: 0, y: 0}
      localSize: {x: 0, y: 0}
      anchor: 9
    _mat: {fileID: 2100000, guid: e6859807ea7dd6a4fb727b488a8dc474, type: 2}
    manualUV: 1
    elementGroup: -1
    textureGroup: -1
  - _indices: a0000000b2000000a1000000b2000000b3000000a1000000
    _distinctIndices: a0000000b2000000a1000000b3000000
    _edges:
    - x: 160
      y: 178
    - x: 161
      y: 160
    - x: 178
      y: 179
    - x: 179
      y: 161
    _smoothingGroup: -1
    _uv:
      useWorldSpace: 0
      flipU: 0
      flipV: 0
      swapUV: 0
      fill: 1
      scale: {x: 1, y: 1}
      offset: {x: 0, y: 0}
      rotation: 0
      justify: 0
      localPivot: {x: 0, y: 0}
      localSize: {x: 0, y: 0}
      anchor: 9
    _mat: {fileID: 2100000, guid: e6859807ea7dd6a4fb727b488a8dc474, type: 2}
    manualUV: 1
    elementGroup: -1
    textureGroup: -1
  - _indices: b4000000c6000000b5000000c6000000c7000000b5000000
    _distinctIndices: b4000000c6000000b5000000c7000000
    _edges:
    - x: 180
      y: 198
    - x: 181
      y: 180
    - x: 198
      y: 199
    - x: 199
      y: 181
    _smoothingGroup: -1
    _uv:
      useWorldSpace: 0
      flipU: 0
      flipV: 0
      swapUV: 0
      fill: 1
      scale: {x: 1, y: 1}
      offset: {x: 0, y: 0}
      rotation: 0
      justify: 0
      localPivot: {x: 0, y: 0}
      localSize: {x: 0, y: 0}
      anchor: 9
    _mat: {fileID: 2100000, guid: e6859807ea7dd6a4fb727b488a8dc474, type: 2}
    manualUV: 1
    elementGroup: -1
    textureGroup: -1
  - _indices: b6000000c8000000b7000000c8000000c9000000b7000000
    _distinctIndices: b6000000c8000000b7000000c9000000
    _edges:
    - x: 182
      y: 200
    - x: 183
      y: 182
    - x: 200
      y: 201
    - x: 201
      y: 183
    _smoothingGroup: -1
    _uv:
      useWorldSpace: 0
      flipU: 0
      flipV: 0
      swapUV: 0
      fill: 1
      scale: {x: 1, y: 1}
      offset: {x: 0, y: 0}
      rotation: 0
      justify: 0
      localPivot: {x: 0, y: 0}
      localSize: {x: 0, y: 0}
      anchor: 9
    _mat: {fileID: 2100000, guid: e6859807ea7dd6a4fb727b488a8dc474, type: 2}
    manualUV: 1
    elementGroup: -1
    textureGroup: -1
  - _indices: b8000000ca000000b9000000ca000000cb000000b9000000
    _distinctIndices: b8000000ca000000b9000000cb000000
    _edges:
    - x: 184
      y: 202
    - x: 185
      y: 184
    - x: 202
      y: 203
    - x: 203
      y: 185
    _smoothingGroup: -1
    _uv:
      useWorldSpace: 0
      flipU: 0
      flipV: 0
      swapUV: 0
      fill: 1
      scale: {x: 1, y: 1}
      offset: {x: 0, y: 0}
      rotation: 0
      justify: 0
      localPivot: {x: 0, y: 0}
      localSize: {x: 0, y: 0}
      anchor: 9
    _mat: {fileID: 2100000, guid: e6859807ea7dd6a4fb727b488a8dc474, type: 2}
    manualUV: 1
    elementGroup: -1
    textureGroup: -1
  - _indices: ba000000cc000000bb000000cc000000cd000000bb000000
    _distinctIndices: ba000000cc000000bb000000cd000000
    _edges:
    - x: 186
      y: 204
    - x: 187
      y: 186
    - x: 204
      y: 205
    - x: 205
      y: 187
    _smoothingGroup: -1
    _uv:
      useWorldSpace: 0
      flipU: 0
      flipV: 0
      swapUV: 0
      fill: 1
      scale: {x: 1, y: 1}
      offset: {x: 0, y: 0}
      rotation: 0
      justify: 0
      localPivot: {x: 0, y: 0}
      localSize: {x: 0, y: 0}
      anchor: 9
    _mat: {fileID: 2100000, guid: e6859807ea7dd6a4fb727b488a8dc474, type: 2}
    manualUV: 1
    elementGroup: -1
    textureGroup: -1
  - _indices: bc000000ce000000bd000000ce000000cf000000bd000000
    _distinctIndices: bc000000ce000000bd000000cf000000
    _edges:
    - x: 188
      y: 206
    - x: 189
      y: 188
    - x: 206
      y: 207
    - x: 207
      y: 189
    _smoothingGroup: -1
    _uv:
      useWorldSpace: 0
      flipU: 0
      flipV: 0
      swapUV: 0
      fill: 1
      scale: {x: 1, y: 1}
      offset: {x: 0, y: 0}
      rotation: 0
      justify: 0
      localPivot: {x: 0, y: 0}
      localSize: {x: 0, y: 0}
      anchor: 9
    _mat: {fileID: 2100000, guid: e6859807ea7dd6a4fb727b488a8dc474, type: 2}
    manualUV: 1
    elementGroup: -1
    textureGroup: -1
  - _indices: be000000d0000000bf000000d0000000d1000000bf000000
    _distinctIndices: be000000d0000000bf000000d1000000
    _edges:
    - x: 190
      y: 208
    - x: 191
      y: 190
    - x: 208
      y: 209
    - x: 209
      y: 191
    _smoothingGroup: -1
    _uv:
      useWorldSpace: 0
      flipU: 0
      flipV: 0
      swapUV: 0
      fill: 1
      scale: {x: 1, y: 1}
      offset: {x: 0, y: 0}
      rotation: 0
      justify: 0
      localPivot: {x: 0, y: 0}
      localSize: {x: 0, y: 0}
      anchor: 9
    _mat: {fileID: 2100000, guid: e6859807ea7dd6a4fb727b488a8dc474, type: 2}
    manualUV: 1
    elementGroup: -1
    textureGroup: -1
  - _indices: c0000000d2000000c1000000d2000000d3000000c1000000
    _distinctIndices: c0000000d2000000c1000000d3000000
    _edges:
    - x: 192
      y: 210
    - x: 193
      y: 192
    - x: 210
      y: 211
    - x: 211
      y: 193
    _smoothingGroup: -1
    _uv:
      useWorldSpace: 0
      flipU: 0
      flipV: 0
      swapUV: 0
      fill: 1
      scale: {x: 1, y: 1}
      offset: {x: 0, y: 0}
      rotation: 0
      justify: 0
      localPivot: {x: 0, y: 0}
      localSize: {x: 0, y: 0}
      anchor: 9
    _mat: {fileID: 2100000, guid: e6859807ea7dd6a4fb727b488a8dc474, type: 2}
    manualUV: 1
    elementGroup: -1
    textureGroup: -1
  - _indices: c2000000d4000000c3000000d4000000d5000000c3000000
    _distinctIndices: c2000000d4000000c3000000d5000000
    _edges:
    - x: 194
      y: 212
    - x: 195
      y: 194
    - x: 212
      y: 213
    - x: 213
      y: 195
    _smoothingGroup: -1
    _uv:
      useWorldSpace: 0
      flipU: 0
      flipV: 0
      swapUV: 0
      fill: 1
      scale: {x: 1, y: 1}
      offset: {x: 0, y: 0}
      rotation: 0
      justify: 0
      localPivot: {x: 0, y: 0}
      localSize: {x: 0, y: 0}
      anchor: 9
    _mat: {fileID: 2100000, guid: e6859807ea7dd6a4fb727b488a8dc474, type: 2}
    manualUV: 1
    elementGroup: -1
    textureGroup: -1
  - _indices: c4000000d6000000c5000000d6000000d7000000c5000000
    _distinctIndices: c4000000d6000000c5000000d7000000
    _edges:
    - x: 196
      y: 214
    - x: 197
      y: 196
    - x: 214
      y: 215
    - x: 215
      y: 197
    _smoothingGroup: -1
    _uv:
      useWorldSpace: 0
      flipU: 0
      flipV: 0
      swapUV: 0
      fill: 1
      scale: {x: 1, y: 1}
      offset: {x: 0, y: 0}
      rotation: 0
      justify: 0
      localPivot: {x: 0, y: 0}
      localSize: {x: 0, y: 0}
      anchor: 9
    _mat: {fileID: 2100000, guid: e6859807ea7dd6a4fb727b488a8dc474, type: 2}
    manualUV: 1
    elementGroup: -1
    textureGroup: -1
  _sharedIndices:
  - array: 0000000011000000c6000000d7000000
  - array: 0100000002000000c7000000c8000000
  - array: 0300000004000000c9000000ca000000
  - array: 0500000006000000cb000000cc000000
  - array: 0700000008000000cd000000ce000000
  - array: 090000000a000000cf000000d0000000
  - array: 0b0000000c000000d1000000d2000000
  - array: 0d0000000e000000d3000000d4000000
  - array: 0f00000010000000d5000000d6000000
  - array: 12000000230000002400000035000000
  - array: 13000000140000002500000026000000
  - array: 15000000160000002700000028000000
  - array: 1700000018000000290000002a000000
  - array: 190000001a0000002b0000002c000000
  - array: 1b0000001c0000002d0000002e000000
  - array: 1d0000001e0000002f00000030000000
  - array: 1f000000200000003100000032000000
  - array: 21000000220000003300000034000000
  - array: 36000000470000004800000059000000
  - array: 3700000038000000490000004a000000
  - array: 390000003a0000004b0000004c000000
  - array: 3b0000003c0000004d0000004e000000
  - array: 3d0000003e0000004f00000050000000
  - array: 3f000000400000005100000052000000
  - array: 41000000420000005300000054000000
  - array: 43000000440000005500000056000000
  - array: 45000000460000005700000058000000
  - array: 5a0000006b0000006c0000007d000000
  - array: 5b0000005c0000006d0000006e000000
  - array: 5d0000005e0000006f00000070000000
  - array: 5f000000600000007100000072000000
  - array: 61000000620000007300000074000000
  - array: 63000000640000007500000076000000
  - array: 65000000660000007700000078000000
  - array: 6700000068000000790000007a000000
  - array: 690000006a0000007b0000007c000000
  - array: 7e0000008f00000090000000a1000000
  - array: 7f000000800000009100000092000000
  - array: 81000000820000009300000094000000
  - array: 83000000840000009500000096000000
  - array: 85000000860000009700000098000000
  - array: 8700000088000000990000009a000000
  - array: 890000008a0000009b0000009c000000
  - array: 8b0000008c0000009d0000009e000000
  - array: 8d0000008e0000009f000000a0000000
  - array: a2000000b3000000b4000000c5000000
  - array: a3000000a4000000b5000000b6000000
  - array: a5000000a6000000b7000000b8000000
  - array: a7000000a8000000b9000000ba000000
  - array: a9000000aa000000bb000000bc000000
  - array: ab000000ac000000bd000000be000000
  - array: ad000000ae000000bf000000c0000000
  - array: af000000b0000000c1000000c2000000
  - array: b1000000b2000000c3000000c4000000
  _vertices:
  - {x: 1, y: 0, z: -0.000000059604645}
  - {x: 0.93917155, y: 0.16712476, z: -0.000000059604645}
  - {x: 0.93917155, y: 0.16712476, z: -0.000000059604645}
  - {x: 0.78514856, y: 0.25605, z: -0.000000059604645}
  - {x: 0.78514856, y: 0.25605, z: -0.000000059604645}
  - {x: 0.61, y: 0.22516659, z: -0.000000059604645}
  - {x: 0.61, y: 0.22516659, z: -0.000000059604645}
  - {x: 0.49567997, y: 0.08892525, z: -0.000000059604645}
  - {x: 0.49567997, y: 0.08892525, z: -0.000000059604645}
  - {x: 0.49567997, y: -0.088925235, z: -0.000000059604645}
  - {x: 0.49567997, y: -0.088925235, z: -0.000000059604645}
  - {x: 0.61, y: -0.2251666, z: -0.000000059604645}
  - {x: 0.61, y: -0.2251666, z: -0.000000059604645}
  - {x: 0.7851485, y: -0.25605, z: -0.000000059604645}
  - {x: 0.7851485, y: -0.25605, z: -0.000000059604645}
  - {x: 0.93917155, y: -0.16712481, z: -0.000000059604645}
  - {x: 0.93917155, y: -0.16712481, z: -0.000000059604645}
  - {x: 1, y: 0.000000045459842, z: -0.000000059604645}
  - {x: 0.5, y: 0, z: -0.86602545}
  - {x: 0.46958578, y: 0.16712476, z: -0.81334645}
  - {x: 0.46958578, y: 0.16712476, z: -0.81334645}
  - {x: 0.3925743, y: 0.25605, z: -0.67995864}
  - {x: 0.3925743, y: 0.25605, z: -0.67995864}
  - {x: 0.305, y: 0.22516659, z: -0.52827555}
  - {x: 0.305, y: 0.22516659, z: -0.52827555}
  - {x: 0.24783999, y: 0.08892525, z: -0.4292715}
  - {x: 0.24783999, y: 0.08892525, z: -0.4292715}
  - {x: 0.24783999, y: -0.088925235, z: -0.4292715}
  - {x: 0.24783999, y: -0.088925235, z: -0.4292715}
  - {x: 0.305, y: -0.2251666, z: -0.52827555}
  - {x: 0.305, y: -0.2251666, z: -0.52827555}
  - {x: 0.39257425, y: -0.25605, z: -0.6799586}
  - {x: 0.39257425, y: -0.25605, z: -0.6799586}
  - {x: 0.46958578, y: -0.16712481, z: -0.81334645}
  - {x: 0.46958578, y: -0.16712481, z: -0.81334645}
  - {x: 0.5, y: 0.000000045459842, z: -0.86602545}
  - {x: 0.5, y: 0, z: -0.86602545}
  - {x: 0.46958578, y: 0.16712476, z: -0.81334645}
  - {x: 0.46958578, y: 0.16712476, z: -0.81334645}
  - {x: 0.3925743, y: 0.25605, z: -0.67995864}
  - {x: 0.3925743, y: 0.25605, z: -0.67995864}
  - {x: 0.305, y: 0.22516659, z: -0.52827555}
  - {x: 0.305, y: 0.22516659, z: -0.52827555}
  - {x: 0.24783999, y: 0.08892525, z: -0.4292715}
  - {x: 0.24783999, y: 0.08892525, z: -0.4292715}
  - {x: 0.24783999, y: -0.088925235, z: -0.4292715}
  - {x: 0.24783999, y: -0.088925235, z: -0.4292715}
  - {x: 0.305, y: -0.2251666, z: -0.52827555}
  - {x: 0.305, y: -0.2251666, z: -0.52827555}
  - {x: 0.39257425, y: -0.25605, z: -0.6799586}
  - {x: 0.39257425, y: -0.25605, z: -0.6799586}
  - {x: 0.46958578, y: -0.16712481, z: -0.81334645}
  - {x: 0.46958578, y: -0.16712481, z: -0.81334645}
  - {x: 0.5, y: 0.000000045459842, z: -0.86602545}
  - {x: -0.5000001, y: 0, z: -0.86602545}
  - {x: -0.4695859, y: 0.16712476, z: -0.81334645}
  - {x: -0.4695859, y: 0.16712476, z: -0.81334645}
  - {x: -0.3925743, y: 0.25605, z: -0.67995864}
  - {x: -0.3925743, y: 0.25605, z: -0.67995864}
  - {x: -0.30500007, y: 0.22516659, z: -0.52827555}
  - {x: -0.30500007, y: 0.22516659, z: -0.52827555}
  - {x: -0.24784005, y: 0.08892525, z: -0.4292715}
  - {x: -0.24784005, y: 0.08892525, z: -0.4292715}
  - {x: -0.24784005, y: -0.088925235, z: -0.4292715}
  - {x: -0.24784005, y: -0.088925235, z: -0.4292715}
  - {x: -0.30500007, y: -0.2251666, z: -0.52827555}
  - {x: -0.30500007, y: -0.2251666, z: -0.52827555}
  - {x: -0.3925743, y: -0.25605, z: -0.6799586}
  - {x: -0.3925743, y: -0.25605, z: -0.6799586}
  - {x: -0.4695859, y: -0.16712481, z: -0.81334645}
  - {x: -0.4695859, y: -0.16712481, z: -0.81334645}
  - {x: -0.5000001, y: 0.000000045459842, z: -0.86602545}
  - {x: -0.5000001, y: 0, z: -0.86602545}
  - {x: -0.4695859, y: 0.16712476, z: -0.81334645}
  - {x: -0.4695859, y: 0.16712476, z: -0.81334645}
  - {x: -0.3925743, y: 0.25605, z: -0.67995864}
  - {x: -0.3925743, y: 0.25605, z: -0.67995864}
  - {x: -0.30500007, y: 0.22516659, z: -0.52827555}
  - {x: -0.30500007, y: 0.22516659, z: -0.52827555}
  - {x: -0.24784005, y: 0.08892525, z: -0.4292715}
  - {x: -0.24784005, y: 0.08892525, z: -0.4292715}
  - {x: -0.24784005, y: -0.088925235, z: -0.4292715}
  - {x: -0.24784005, y: -0.088925235, z: -0.4292715}
  - {x: -0.30500007, y: -0.2251666, z: -0.52827555}
  - {x: -0.30500007, y: -0.2251666, z: -0.52827555}
  - {x: -0.3925743, y: -0.25605, z: -0.6799586}
  - {x: -0.3925743, y: -0.25605, z: -0.6799586}
  - {x: -0.4695859, y: -0.16712481, z: -0.81334645}
  - {x: -0.4695859, y: -0.16712481, z: -0.81334645}
  - {x: -0.5000001, y: 0.000000045459842, z: -0.86602545}
  - {x: -1, y: 0, z: 0.000000027818132}
  - {x: -0.93917155, y: 0.16712476, z: 0.000000022500338}
  - {x: -0.93917155, y: 0.16712476, z: 0.000000022500338}
  - {x: -0.7851486, y: 0.25605, z: 0.000000009035226}
  - {x: -0.7851486, y: 0.25605, z: 0.000000009035226}
  - {x: -0.61, y: 0.22516659, z: -0.00000000627675}
  - {x: -0.61, y: 0.22516659, z: -0.00000000627675}
  - {x: -0.49567997, y: 0.08892525, z: -0.000000016270928}
  - {x: -0.49567997, y: 0.08892525, z: -0.000000016270928}
  - {x: -0.49567997, y: -0.088925235, z: -0.000000016270928}
  - {x: -0.49567997, y: -0.088925235, z: -0.000000016270928}
  - {x: -0.61, y: -0.2251666, z: -0.00000000627675}
  - {x: -0.61, y: -0.2251666, z: -0.00000000627675}
  - {x: -0.7851485, y: -0.25605, z: 0.000000009035219}
  - {x: -0.7851485, y: -0.25605, z: 0.000000009035219}
  - {x: -0.93917155, y: -0.16712481, z: 0.000000022500338}
  - {x: -0.93917155, y: -0.16712481, z: 0.000000022500338}
  - {x: -1, y: 0.000000045459842, z: 0.000000027818132}
  - {x: -1, y: 0, z: 0.000000027818132}
  - {x: -0.93917155, y: 0.16712476, z: 0.000000022500338}
  - {x: -0.93917155, y: 0.16712476, z: 0.000000022500338}
  - {x: -0.7851486, y: 0.25605, z: 0.000000009035226}
  - {x: -0.7851486, y: 0.25605, z: 0.000000009035226}
  - {x: -0.61, y: 0.22516659, z: -0.00000000627675}
  - {x: -0.61, y: 0.22516659, z: -0.00000000627675}
  - {x: -0.49567997, y: 0.08892525, z: -0.000000016270928}
  - {x: -0.49567997, y: 0.08892525, z: -0.000000016270928}
  - {x: -0.49567997, y: -0.088925235, z: -0.000000016270928}
  - {x: -0.49567997, y: -0.088925235, z: -0.000000016270928}
  - {x: -0.61, y: -0.2251666, z: -0.00000000627675}
  - {x: -0.61, y: -0.2251666, z: -0.00000000627675}
  - {x: -0.7851485, y: -0.25605, z: 0.000000009035219}
  - {x: -0.7851485, y: -0.25605, z: 0.000000009035219}
  - {x: -0.93917155, y: -0.16712481, z: 0.000000022500338}
  - {x: -0.93917155, y: -0.16712481, z: 0.000000022500338}
  - {x: -1, y: 0.000000045459842, z: 0.000000027818132}
  - {x: -0.5, y: 0, z: 0.86602545}
  - {x: -0.46958578, y: 0.16712476, z: 0.81334645}
  - {x: -0.46958578, y: 0.16712476, z: 0.81334645}
  - {x: -0.3925743, y: 0.25605, z: 0.67995864}
  - {x: -0.3925743, y: 0.25605, z: 0.67995864}
  - {x: -0.30500007, y: 0.22516659, z: 0.5282755}
  - {x: -0.30500007, y: 0.22516659, z: 0.5282755}
  - {x: -0.24783993, y: 0.08892525, z: 0.42927143}
  - {x: -0.24783993, y: 0.08892525, z: 0.42927143}
  - {x: -0.24783993, y: -0.088925235, z: 0.42927143}
  - {x: -0.24783993, y: -0.088925235, z: 0.42927143}
  - {x: -0.30500007, y: -0.2251666, z: 0.5282755}
  - {x: -0.30500007, y: -0.2251666, z: 0.5282755}
  - {x: -0.3925743, y: -0.25605, z: 0.6799586}
  - {x: -0.3925743, y: -0.25605, z: 0.6799586}
  - {x: -0.46958578, y: -0.16712481, z: 0.81334645}
  - {x: -0.46958578, y: -0.16712481, z: 0.81334645}
  - {x: -0.5, y: 0.000000045459842, z: 0.86602545}
  - {x: -0.5, y: 0, z: 0.86602545}
  - {x: -0.46958578, y: 0.16712476, z: 0.81334645}
  - {x: -0.46958578, y: 0.16712476, z: 0.81334645}
  - {x: -0.3925743, y: 0.25605, z: 0.67995864}
  - {x: -0.3925743, y: 0.25605, z: 0.67995864}
  - {x: -0.30500007, y: 0.22516659, z: 0.5282755}
  - {x: -0.30500007, y: 0.22516659, z: 0.5282755}
  - {x: -0.24783993, y: 0.08892525, z: 0.42927143}
  - {x: -0.24783993, y: 0.08892525, z: 0.42927143}
  - {x: -0.24783993, y: -0.088925235, z: 0.42927143}
  - {x: -0.24783993, y: -0.088925235, z: 0.42927143}
  - {x: -0.30500007, y: -0.2251666, z: 0.5282755}
  - {x: -0.30500007, y: -0.2251666, z: 0.5282755}
  - {x: -0.3925743, y: -0.25605, z: 0.6799586}
  - {x: -0.3925743, y: -0.25605, z: 0.6799586}
  - {x: -0.46958578, y: -0.16712481, z: 0.81334645}
  - {x: -0.46958578, y: -0.16712481, z: 0.81334645}
  - {x: -0.5, y: 0.000000045459842, z: 0.86602545}
  - {x: 0.49999988, y: 0, z: 0.86602545}
  - {x: 0.46958566, y: 0.16712476, z: 0.81334645}
  - {x: 0.46958566, y: 0.16712476, z: 0.81334645}
  - {x: 0.3925742, y: 0.25605, z: 0.67995864}
  - {x: 0.3925742, y: 0.25605, z: 0.67995864}
  - {x: 0.30499995, y: 0.22516659, z: 0.5282755}
  - {x: 0.30499995, y: 0.22516659, z: 0.5282755}
  - {x: 0.24783993, y: 0.08892525, z: 0.42927143}
  - {x: 0.24783993, y: 0.08892525, z: 0.42927143}
  - {x: 0.24783993, y: -0.088925235, z: 0.42927143}
  - {x: 0.24783993, y: -0.088925235, z: 0.42927143}
  - {x: 0.30499995, y: -0.2251666, z: 0.5282755}
  - {x: 0.30499995, y: -0.2251666, z: 0.5282755}
  - {x: 0.3925742, y: -0.25605, z: 0.6799586}
  - {x: 0.3925742, y: -0.25605, z: 0.6799586}
  - {x: 0.46958566, y: -0.16712481, z: 0.81334645}
  - {x: 0.46958566, y: -0.16712481, z: 0.81334645}
  - {x: 0.49999988, y: 0.000000045459842, z: 0.86602545}
  - {x: 0.49999988, y: 0, z: 0.86602545}
  - {x: 0.46958566, y: 0.16712476, z: 0.81334645}
  - {x: 0.46958566, y: 0.16712476, z: 0.81334645}
  - {x: 0.3925742, y: 0.25605, z: 0.67995864}
  - {x: 0.3925742, y: 0.25605, z: 0.67995864}
  - {x: 0.30499995, y: 0.22516659, z: 0.5282755}
  - {x: 0.30499995, y: 0.22516659, z: 0.5282755}
  - {x: 0.24783993, y: 0.08892525, z: 0.42927143}
  - {x: 0.24783993, y: 0.08892525, z: 0.42927143}
  - {x: 0.24783993, y: -0.088925235, z: 0.42927143}
  - {x: 0.24783993, y: -0.088925235, z: 0.42927143}
  - {x: 0.30499995, y: -0.2251666, z: 0.5282755}
  - {x: 0.30499995, y: -0.2251666, z: 0.5282755}
  - {x: 0.3925742, y: -0.25605, z: 0.6799586}
  - {x: 0.3925742, y: -0.25605, z: 0.6799586}
  - {x: 0.46958566, y: -0.16712481, z: 0.81334645}
  - {x: 0.46958566, y: -0.16712481, z: 0.81334645}
  - {x: 0.49999988, y: 0.000000045459842, z: 0.86602545}
  - {x: 1, y: 0, z: -0.0000002344502}
  - {x: 0.93917155, y: 0.16712476, z: -0.00000022381461}
  - {x: 0.93917155, y: 0.16712476, z: -0.00000022381461}
  - {x: 0.78514856, y: 0.25605, z: -0.00000019688439}
  - {x: 0.78514856, y: 0.25605, z: -0.00000019688439}
  - {x: 0.61, y: 0.22516659, z: -0.00000016626043}
  - {x: 0.61, y: 0.22516659, z: -0.00000016626043}
  - {x: 0.49567997, y: 0.08892525, z: -0.00000014627207}
  - {x: 0.49567997, y: 0.08892525, z: -0.00000014627207}
  - {x: 0.49567997, y: -0.088925235, z: -0.00000014627207}
  - {x: 0.49567997, y: -0.088925235, z: -0.00000014627207}
  - {x: 0.61, y: -0.2251666, z: -0.00000016626043}
  - {x: 0.61, y: -0.2251666, z: -0.00000016626043}
  - {x: 0.7851485, y: -0.25605, z: -0.00000019688437}
  - {x: 0.7851485, y: -0.25605, z: -0.00000019688437}
  - {x: 0.93917155, y: -0.16712481, z: -0.00000022381461}
  - {x: 0.93917155, y: -0.16712481, z: -0.00000022381461}
  - {x: 1, y: 0.000000045459842, z: -0.0000002344502}
  _uv:
  - {x: 0, y: 0}
  - {x: 0, y: 0.16712476}
  - {x: 0.93917155, y: 0}
  - {x: 0.78514856, y: 0}
  - {x: 0.78514856, y: 0}
  - {x: 0.61, y: 0}
  - {x: 0, y: 0.22516659}
  - {x: 0, y: 0.08892525}
  - {x: 0, y: 0.08892525}
  - {x: 0, y: -0.088925235}
  - {x: 0, y: -0.088925235}
  - {x: 0, y: -0.2251666}
  - {x: -0.61, y: 0}
  - {x: -0.7851485, y: 0}
  - {x: -0.7851485, y: 0}
  - {x: -0.93917155, y: 0}
  - {x: 0, y: -0.16712481}
  - {x: 0, y: 0.000000045459842}
  - {x: -0.8660254, y: 0}
  - {x: -0.8133464, y: 0.16712476}
  - {x: 0.46958578, y: -0.8133464}
  - {x: 0.39257428, y: -0.6799586}
  - {x: 0.39257428, y: -0.6799586}
  - {x: 0.305, y: -0.5282755}
  - {x: 0.5282755, y: 0.22516659}
  - {x: 0.42927143, y: 0.08892525}
  - {x: 0.42927143, y: 0.08892525}
  - {x: 0.42927143, y: -0.088925235}
  - {x: 0.42927143, y: -0.088925235}
  - {x: 0.5282755, y: -0.2251666}
  - {x: -0.305, y: -0.5282755}
  - {x: -0.39257425, y: -0.6799585}
  - {x: -0.39257425, y: -0.6799585}
  - {x: -0.46958578, y: -0.8133464}
  - {x: -0.8133464, y: -0.16712481}
  - {x: -0.8660254, y: 0.000000045459842}
  - {x: 0.5, y: 0}
  - {x: 0.46958578, y: 0.16712476}
  - {x: 0.46958578, y: -0.8133464}
  - {x: 0.39257428, y: -0.6799586}
  - {x: 0.39257428, y: -0.6799586}
  - {x: 0.305, y: -0.5282755}
  - {x: -0.305, y: 0.22516659}
  - {x: -0.24783997, y: 0.08892525}
  - {x: -0.24783997, y: 0.08892525}
  - {x: -0.24783997, y: -0.088925235}
  - {x: -0.24783997, y: -0.088925235}
  - {x: -0.305, y: -0.2251666}
  - {x: -0.305, y: -0.5282755}
  - {x: -0.39257425, y: -0.6799585}
  - {x: -0.39257425, y: -0.6799585}
  - {x: -0.46958578, y: -0.8133464}
  - {x: 0.46958578, y: -0.16712481}
  - {x: 0.5, y: 0.000000045459842}
  - {x: -0.5000001, y: 0}
  - {x: -0.4695859, y: 0.16712476}
  - {x: -0.4695859, y: -0.8133464}
  - {x: -0.39257437, y: -0.6799586}
  - {x: -0.39257437, y: -0.6799586}
  - {x: -0.30500007, y: -0.5282755}
  - {x: 0.30500007, y: 0.22516659}
  - {x: 0.24784003, y: 0.08892525}
  - {x: 0.24784003, y: 0.08892525}
  - {x: 0.24784003, y: -0.088925235}
  - {x: 0.24784003, y: -0.088925235}
  - {x: 0.30500007, y: -0.2251666}
  - {x: 0.30500007, y: -0.5282755}
  - {x: 0.39257434, y: -0.6799585}
  - {x: 0.39257434, y: -0.6799585}
  - {x: 0.4695859, y: -0.8133464}
  - {x: -0.4695859, y: -0.16712481}
  - {x: -0.5000001, y: 0.000000045459842}
  - {x: 0.8660254, y: 0}
  - {x: 0.8133464, y: 0.16712476}
  - {x: -0.4695859, y: -0.8133464}
  - {x: -0.39257437, y: -0.6799586}
  - {x: -0.39257437, y: -0.6799586}
  - {x: -0.30500007, y: -0.5282755}
  - {x: -0.5282755, y: 0.22516659}
  - {x: -0.42927143, y: 0.08892525}
  - {x: -0.42927143, y: 0.08892525}
  - {x: -0.42927143, y: -0.088925235}
  - {x: -0.42927143, y: -0.088925235}
  - {x: -0.5282755, y: -0.2251666}
  - {x: 0.30500007, y: -0.5282755}
  - {x: 0.39257434, y: -0.6799585}
  - {x: 0.39257434, y: -0.6799585}
  - {x: 0.4695859, y: -0.8133464}
  - {x: 0.8133464, y: -0.16712481}
  - {x: 0.8660254, y: 0.000000045459842}
  - {x: -0.00000008742278, y: 0}
  - {x: -0.00000008210498, y: 0.16712476}
  - {x: -0.93917155, y: 0.00000008210498}
  - {x: -0.78514856, y: 0.00000006863987}
  - {x: -0.78514856, y: 0.00000006863987}
  - {x: -0.61, y: 0.000000053327895}
  - {x: 0.000000053327895, y: 0.22516659}
  - {x: 0.000000043333717, y: 0.08892525}
  - {x: 0.000000043333717, y: 0.08892525}
  - {x: 0.000000043333717, y: -0.088925235}
  - {x: 0.000000043333717, y: -0.088925235}
  - {x: 0.000000053327895, y: -0.2251666}
  - {x: 0.61, y: 0.000000053327895}
  - {x: 0.7851485, y: 0.000000068639864}
  - {x: 0.7851485, y: 0.000000068639864}
  - {x: 0.93917155, y: 0.00000008210498}
  - {x: -0.00000008210498, y: -0.16712481}
  - {x: -0.00000008742278, y: 0.000000045459842}
  - {x: -0.00000008742278, y: 0}
  - {x: -0.00000008210498, y: 0.16712476}
  - {x: -0.93917155, y: 0.00000008210498}
  - {x: -0.78514856, y: 0.00000006863987}
  - {x: -0.78514856, y: 0.00000006863987}
  - {x: -0.61, y: 0.000000053327895}
  - {x: 0.000000053327895, y: 0.22516659}
  - {x: 0.000000043333717, y: 0.08892525}
  - {x: 0.000000043333717, y: 0.08892525}
  - {x: 0.000000043333717, y: -0.088925235}
  - {x: 0.000000043333717, y: -0.088925235}
  - {x: 0.000000053327895, y: -0.2251666}
  - {x: 0.61, y: 0.000000053327895}
  - {x: 0.7851485, y: 0.000000068639864}
  - {x: 0.7851485, y: 0.000000068639864}
  - {x: 0.93917155, y: 0.00000008210498}
  - {x: -0.00000008210498, y: -0.16712481}
  - {x: -0.00000008742278, y: 0.000000045459842}
  - {x: -0.8660255, y: 0}
  - {x: -0.8133465, y: 0.16712476}
  - {x: -0.46958578, y: 0.8133465}
  - {x: -0.39257428, y: 0.6799587}
  - {x: -0.39257428, y: 0.6799587}
  - {x: -0.305, y: 0.52827555}
  - {x: 0.52827555, y: 0.22516659}
  - {x: 0.4292715, y: 0.08892525}
  - {x: 0.4292715, y: 0.08892525}
  - {x: 0.4292715, y: -0.088925235}
  - {x: 0.4292715, y: -0.088925235}
  - {x: 0.52827555, y: -0.2251666}
  - {x: 0.305, y: 0.52827555}
  - {x: 0.39257425, y: 0.67995864}
  - {x: 0.39257425, y: 0.67995864}
  - {x: 0.46958578, y: 0.8133465}
  - {x: -0.8133465, y: -0.16712481}
  - {x: -0.8660255, y: 0.000000045459842}
  - {x: 0.5, y: 0}
  - {x: 0.46958578, y: 0.16712476}
  - {x: -0.46958578, y: 0.8133465}
  - {x: -0.39257428, y: 0.6799587}
  - {x: -0.39257428, y: 0.6799587}
  - {x: -0.305, y: 0.52827555}
  - {x: -0.305, y: 0.22516659}
  - {x: -0.24783997, y: 0.08892525}
  - {x: -0.24783997, y: 0.08892525}
  - {x: -0.24783997, y: -0.088925235}
  - {x: -0.24783997, y: -0.088925235}
  - {x: -0.305, y: -0.2251666}
  - {x: 0.305, y: 0.52827555}
  - {x: 0.39257425, y: 0.67995864}
  - {x: 0.39257425, y: 0.67995864}
  - {x: 0.46958578, y: 0.8133465}
  - {x: 0.46958578, y: -0.16712481}
  - {x: 0.5, y: 0.000000045459842}
  - {x: -0.49999988, y: 0}
  - {x: -0.46958566, y: 0.16712476}
  - {x: 0.46958566, y: 0.8133465}
  - {x: 0.3925742, y: 0.6799587}
  - {x: 0.3925742, y: 0.6799587}
  - {x: 0.30499995, y: 0.52827555}
  - {x: 0.30499995, y: 0.22516659}
  - {x: 0.24783991, y: 0.08892525}
  - {x: 0.24783991, y: 0.08892525}
  - {x: 0.24783991, y: -0.088925235}
  - {x: 0.24783991, y: -0.088925235}
  - {x: 0.30499995, y: -0.2251666}
  - {x: -0.30499995, y: 0.52827555}
  - {x: -0.39257416, y: 0.67995864}
  - {x: -0.39257416, y: 0.67995864}
  - {x: -0.46958566, y: 0.8133465}
  - {x: -0.46958566, y: -0.16712481}
  - {x: -0.49999988, y: 0.000000045459842}
  - {x: 0.8660255, y: 0}
  - {x: 0.8133465, y: 0.16712476}
  - {x: 0.46958566, y: 0.8133465}
  - {x: 0.3925742, y: 0.6799587}
  - {x: 0.3925742, y: 0.6799587}
  - {x: 0.30499995, y: 0.52827555}
  - {x: -0.52827555, y: 0.22516659}
  - {x: -0.4292715, y: 0.08892525}
  - {x: -0.4292715, y: 0.08892525}
  - {x: -0.4292715, y: -0.088925235}
  - {x: -0.4292715, y: -0.088925235}
  - {x: -0.52827555, y: -0.2251666}
  - {x: -0.30499995, y: 0.52827555}
  - {x: -0.39257416, y: 0.67995864}
  - {x: -0.39257416, y: 0.67995864}
  - {x: -0.46958566, y: 0.8133465}
  - {x: 0.8133465, y: -0.16712481}
  - {x: 0.8660255, y: 0.000000045459842}
  - {x: -0.00000017484555, y: 0}
  - {x: -0.00000016420996, y: 0.16712476}
  - {x: 0.93917155, y: -0.00000016420996}
  - {x: 0.78514856, y: -0.00000013727974}
  - {x: 0.78514856, y: -0.00000013727974}
  - {x: 0.61, y: -0.00000010665579}
  - {x: 0.00000010665579, y: 0.22516659}
  - {x: 0.000000086667434, y: 0.08892525}
  - {x: 0.000000086667434, y: 0.08892525}
  - {x: 0.000000086667434, y: -0.088925235}
  - {x: 0.000000086667434, y: -0.088925235}
  - {x: 0.00000010665579, y: -0.2251666}
  - {x: -0.61, y: -0.00000010665579}
  - {x: -0.7851485, y: -0.00000013727973}
  - {x: -0.7851485, y: -0.00000013727973}
  - {x: -0.93917155, y: -0.00000016420996}
  - {x: -0.00000016420996, y: -0.16712481}
  - {x: -0.00000017484555, y: 0.000000045459842}
  _uv3: []
  _uv4: []
  _tangents: []
  _sharedIndicesUV:
  - array: 00000000
  - array: 12000000
  - array: 01000000
  - array: 13000000
  - array: 10000000
  - array: 22000000
  - array: 11000000
  - array: 23000000
  - array: 4e000000
  - array: 60000000
  - array: 4f000000
  - array: 61000000
  - array: 50000000
  - array: 62000000
  - array: 51000000
  - array: 63000000
  - array: 52000000
  - array: 64000000
  - array: 53000000
  - array: 65000000
  - array: 72000000
  - array: 84000000
  - array: 73000000
  - array: 85000000
  - array: 74000000
  - array: 86000000
  - array: 75000000
  - array: 87000000
  - array: 76000000
  - array: 88000000
  - array: 77000000
  - array: 89000000
  - array: b4000000
  - array: c6000000
  - array: b5000000
  - array: c7000000
  - array: c4000000
  - array: d6000000
  - array: c5000000
  - array: d7000000
  - array: 02000000
  - array: 14000000
  - array: 03000000
  - array: 15000000
  - array: 04000000
  - array: 16000000
  - array: 05000000
  - array: 17000000
  - array: 26000000
  - array: 38000000
  - array: 27000000
  - array: 39000000
  - array: 28000000
  - array: 3a000000
  - array: 29000000
  - array: 3b000000
  - array: 4a000000
  - array: 5c000000
  - array: 4b000000
  - array: 5d000000
  - array: 4c000000
  - array: 5e000000
  - array: 4d000000
  - array: 5f000000
  - array: 6e000000
  - array: 80000000
  - array: 6f000000
  - array: 81000000
  - array: 70000000
  - array: 82000000
  - array: 71000000
  - array: 83000000
  - array: 92000000
  - array: a4000000
  - array: 93000000
  - array: a5000000
  - array: 94000000
  - array: a6000000
  - array: 95000000
  - array: a7000000
  - array: b6000000
  - array: c8000000
  - array: b7000000
  - array: c9000000
  - array: b8000000
  - array: ca000000
  - array: b9000000
  - array: cb000000
  - array: 06000000
  - array: 18000000
  - array: 07000000
  - array: 19000000
  - array: 08000000
  - array: 1a000000
  - array: 09000000
  - array: 1b000000
  - array: 0a000000
  - array: 1c000000
  - array: 0b000000
  - array: 1d000000
  - array: 48000000
  - array: 5a000000
  - array: 49000000
  - array: 5b000000
  - array: 58000000
  - array: 6a000000
  - array: 59000000
  - array: 6b000000
  - array: 6c000000
  - array: 7e000000
  - array: 6d000000
  - array: 7f000000
  - array: 7c000000
  - array: 8e000000
  - array: 7d000000
  - array: 8f000000
  - array: ba000000
  - array: cc000000
  - array: bb000000
  - array: cd000000
  - array: bc000000
  - array: ce000000
  - array: bd000000
  - array: cf000000
  - array: be000000
  - array: d0000000
  - array: bf000000
  - array: d1000000
  - array: 0c000000
  - array: 1e000000
  - array: 0d000000
  - array: 1f000000
  - array: 0e000000
  - array: 20000000
  - array: 0f000000
  - array: 21000000
  - array: 30000000
  - array: 42000000
  - array: 31000000
  - array: 43000000
  - array: 32000000
  - array: 44000000
  - array: 33000000
  - array: 45000000
  - array: 54000000
  - array: 66000000
  - array: 55000000
  - array: 67000000
  - array: 56000000
  - array: 68000000
  - array: 57000000
  - array: 69000000
  - array: 78000000
  - array: 8a000000
  - array: 79000000
  - array: 8b000000
  - array: 7a000000
  - array: 8c000000
  - array: 7b000000
  - array: 8d000000
  - array: 9c000000
  - array: ae000000
  - array: 9d000000
  - array: af000000
  - array: 9e000000
  - array: b0000000
  - array: 9f000000
  - array: b1000000
  - array: c0000000
  - array: d2000000
  - array: c1000000
  - array: d3000000
  - array: c2000000
  - array: d4000000
  - array: c3000000
  - array: d5000000
  - array: 24000000
  - array: 36000000
  - array: 25000000
  - array: 37000000
  - array: 34000000
  - array: 46000000
  - array: 35000000
  - array: 47000000
  - array: 96000000
  - array: a8000000
  - array: 97000000
  - array: a9000000
  - array: 98000000
  - array: aa000000
  - array: 99000000
  - array: ab000000
  - array: 9a000000
  - array: ac000000
  - array: 9b000000
  - array: ad000000
  - array: 2a000000
  - array: 3c000000
  - array: 2b000000
  - array: 3d000000
  - array: 2c000000
  - array: 3e000000
  - array: 2d000000
  - array: 3f000000
  - array: 2e000000
  - array: 40000000
  - array: 2f000000
  - array: 41000000
  - array: 90000000
  - array: a2000000
  - array: 91000000
  - array: a3000000
  - array: a0000000
  - array: b2000000
  - array: a1000000
  - array: b3000000
  _colors:
  - {r: 1, g: 1, b: 1, a: 1}
  - {r: 1, g: 1, b: 1, a: 1}
  - {r: 1, g: 1, b: 1, a: 1}
  - {r: 1, g: 1, b: 1, a: 1}
  - {r: 1, g: 1, b: 1, a: 1}
  - {r: 1, g: 1, b: 1, a: 1}
  - {r: 1, g: 1, b: 1, a: 1}
  - {r: 1, g: 1, b: 1, a: 1}
  - {r: 1, g: 1, b: 1, a: 1}
  - {r: 1, g: 1, b: 1, a: 1}
  - {r: 1, g: 1, b: 1, a: 1}
  - {r: 1, g: 1, b: 1, a: 1}
  - {r: 1, g: 1, b: 1, a: 1}
  - {r: 1, g: 1, b: 1, a: 1}
  - {r: 1, g: 1, b: 1, a: 1}
  - {r: 1, g: 1, b: 1, a: 1}
  - {r: 1, g: 1, b: 1, a: 1}
  - {r: 1, g: 1, b: 1, a: 1}
  - {r: 1, g: 1, b: 1, a: 1}
  - {r: 1, g: 1, b: 1, a: 1}
  - {r: 1, g: 1, b: 1, a: 1}
  - {r: 1, g: 1, b: 1, a: 1}
  - {r: 1, g: 1, b: 1, a: 1}
  - {r: 1, g: 1, b: 1, a: 1}
  - {r: 1, g: 1, b: 1, a: 1}
  - {r: 1, g: 1, b: 1, a: 1}
  - {r: 1, g: 1, b: 1, a: 1}
  - {r: 1, g: 1, b: 1, a: 1}
  - {r: 1, g: 1, b: 1, a: 1}
  - {r: 1, g: 1, b: 1, a: 1}
  - {r: 1, g: 1, b: 1, a: 1}
  - {r: 1, g: 1, b: 1, a: 1}
  - {r: 1, g: 1, b: 1, a: 1}
  - {r: 1, g: 1, b: 1, a: 1}
  - {r: 1, g: 1, b: 1, a: 1}
  - {r: 1, g: 1, b: 1, a: 1}
  - {r: 1, g: 1, b: 1, a: 1}
  - {r: 1, g: 1, b: 1, a: 1}
  - {r: 1, g: 1, b: 1, a: 1}
  - {r: 1, g: 1, b: 1, a: 1}
  - {r: 1, g: 1, b: 1, a: 1}
  - {r: 1, g: 1, b: 1, a: 1}
  - {r: 1, g: 1, b: 1, a: 1}
  - {r: 1, g: 1, b: 1, a: 1}
  - {r: 1, g: 1, b: 1, a: 1}
  - {r: 1, g: 1, b: 1, a: 1}
  - {r: 1, g: 1, b: 1, a: 1}
  - {r: 1, g: 1, b: 1, a: 1}
  - {r: 1, g: 1, b: 1, a: 1}
  - {r: 1, g: 1, b: 1, a: 1}
  - {r: 1, g: 1, b: 1, a: 1}
  - {r: 1, g: 1, b: 1, a: 1}
  - {r: 1, g: 1, b: 1, a: 1}
  - {r: 1, g: 1, b: 1, a: 1}
  - {r: 1, g: 1, b: 1, a: 1}
  - {r: 1, g: 1, b: 1, a: 1}
  - {r: 1, g: 1, b: 1, a: 1}
  - {r: 1, g: 1, b: 1, a: 1}
  - {r: 1, g: 1, b: 1, a: 1}
  - {r: 1, g: 1, b: 1, a: 1}
  - {r: 1, g: 1, b: 1, a: 1}
  - {r: 1, g: 1, b: 1, a: 1}
  - {r: 1, g: 1, b: 1, a: 1}
  - {r: 1, g: 1, b: 1, a: 1}
  - {r: 1, g: 1, b: 1, a: 1}
  - {r: 1, g: 1, b: 1, a: 1}
  - {r: 1, g: 1, b: 1, a: 1}
  - {r: 1, g: 1, b: 1, a: 1}
  - {r: 1, g: 1, b: 1, a: 1}
  - {r: 1, g: 1, b: 1, a: 1}
  - {r: 1, g: 1, b: 1, a: 1}
  - {r: 1, g: 1, b: 1, a: 1}
  - {r: 1, g: 1, b: 1, a: 1}
  - {r: 1, g: 1, b: 1, a: 1}
  - {r: 1, g: 1, b: 1, a: 1}
  - {r: 1, g: 1, b: 1, a: 1}
  - {r: 1, g: 1, b: 1, a: 1}
  - {r: 1, g: 1, b: 1, a: 1}
  - {r: 1, g: 1, b: 1, a: 1}
  - {r: 1, g: 1, b: 1, a: 1}
  - {r: 1, g: 1, b: 1, a: 1}
  - {r: 1, g: 1, b: 1, a: 1}
  - {r: 1, g: 1, b: 1, a: 1}
  - {r: 1, g: 1, b: 1, a: 1}
  - {r: 1, g: 1, b: 1, a: 1}
  - {r: 1, g: 1, b: 1, a: 1}
  - {r: 1, g: 1, b: 1, a: 1}
  - {r: 1, g: 1, b: 1, a: 1}
  - {r: 1, g: 1, b: 1, a: 1}
  - {r: 1, g: 1, b: 1, a: 1}
  - {r: 1, g: 1, b: 1, a: 1}
  - {r: 1, g: 1, b: 1, a: 1}
  - {r: 1, g: 1, b: 1, a: 1}
  - {r: 1, g: 1, b: 1, a: 1}
  - {r: 1, g: 1, b: 1, a: 1}
  - {r: 1, g: 1, b: 1, a: 1}
  - {r: 1, g: 1, b: 1, a: 1}
  - {r: 1, g: 1, b: 1, a: 1}
  - {r: 1, g: 1, b: 1, a: 1}
  - {r: 1, g: 1, b: 1, a: 1}
  - {r: 1, g: 1, b: 1, a: 1}
  - {r: 1, g: 1, b: 1, a: 1}
  - {r: 1, g: 1, b: 1, a: 1}
  - {r: 1, g: 1, b: 1, a: 1}
  - {r: 1, g: 1, b: 1, a: 1}
  - {r: 1, g: 1, b: 1, a: 1}
  - {r: 1, g: 1, b: 1, a: 1}
  - {r: 1, g: 1, b: 1, a: 1}
  - {r: 1, g: 1, b: 1, a: 1}
  - {r: 1, g: 1, b: 1, a: 1}
  - {r: 1, g: 1, b: 1, a: 1}
  - {r: 1, g: 1, b: 1, a: 1}
  - {r: 1, g: 1, b: 1, a: 1}
  - {r: 1, g: 1, b: 1, a: 1}
  - {r: 1, g: 1, b: 1, a: 1}
  - {r: 1, g: 1, b: 1, a: 1}
  - {r: 1, g: 1, b: 1, a: 1}
  - {r: 1, g: 1, b: 1, a: 1}
  - {r: 1, g: 1, b: 1, a: 1}
  - {r: 1, g: 1, b: 1, a: 1}
  - {r: 1, g: 1, b: 1, a: 1}
  - {r: 1, g: 1, b: 1, a: 1}
  - {r: 1, g: 1, b: 1, a: 1}
  - {r: 1, g: 1, b: 1, a: 1}
  - {r: 1, g: 1, b: 1, a: 1}
  - {r: 1, g: 1, b: 1, a: 1}
  - {r: 1, g: 1, b: 1, a: 1}
  - {r: 1, g: 1, b: 1, a: 1}
  - {r: 1, g: 1, b: 1, a: 1}
  - {r: 1, g: 1, b: 1, a: 1}
  - {r: 1, g: 1, b: 1, a: 1}
  - {r: 1, g: 1, b: 1, a: 1}
  - {r: 1, g: 1, b: 1, a: 1}
  - {r: 1, g: 1, b: 1, a: 1}
  - {r: 1, g: 1, b: 1, a: 1}
  - {r: 1, g: 1, b: 1, a: 1}
  - {r: 1, g: 1, b: 1, a: 1}
  - {r: 1, g: 1, b: 1, a: 1}
  - {r: 1, g: 1, b: 1, a: 1}
  - {r: 1, g: 1, b: 1, a: 1}
  - {r: 1, g: 1, b: 1, a: 1}
  - {r: 1, g: 1, b: 1, a: 1}
  - {r: 1, g: 1, b: 1, a: 1}
  - {r: 1, g: 1, b: 1, a: 1}
  - {r: 1, g: 1, b: 1, a: 1}
  - {r: 1, g: 1, b: 1, a: 1}
  - {r: 1, g: 1, b: 1, a: 1}
  - {r: 1, g: 1, b: 1, a: 1}
  - {r: 1, g: 1, b: 1, a: 1}
  - {r: 1, g: 1, b: 1, a: 1}
  - {r: 1, g: 1, b: 1, a: 1}
  - {r: 1, g: 1, b: 1, a: 1}
  - {r: 1, g: 1, b: 1, a: 1}
  - {r: 1, g: 1, b: 1, a: 1}
  - {r: 1, g: 1, b: 1, a: 1}
  - {r: 1, g: 1, b: 1, a: 1}
  - {r: 1, g: 1, b: 1, a: 1}
  - {r: 1, g: 1, b: 1, a: 1}
  - {r: 1, g: 1, b: 1, a: 1}
  - {r: 1, g: 1, b: 1, a: 1}
  - {r: 1, g: 1, b: 1, a: 1}
  - {r: 1, g: 1, b: 1, a: 1}
  - {r: 1, g: 1, b: 1, a: 1}
  - {r: 1, g: 1, b: 1, a: 1}
  - {r: 1, g: 1, b: 1, a: 1}
  - {r: 1, g: 1, b: 1, a: 1}
  - {r: 1, g: 1, b: 1, a: 1}
  - {r: 1, g: 1, b: 1, a: 1}
  - {r: 1, g: 1, b: 1, a: 1}
  - {r: 1, g: 1, b: 1, a: 1}
  - {r: 1, g: 1, b: 1, a: 1}
  - {r: 1, g: 1, b: 1, a: 1}
  - {r: 1, g: 1, b: 1, a: 1}
  - {r: 1, g: 1, b: 1, a: 1}
  - {r: 1, g: 1, b: 1, a: 1}
  - {r: 1, g: 1, b: 1, a: 1}
  - {r: 1, g: 1, b: 1, a: 1}
  - {r: 1, g: 1, b: 1, a: 1}
  - {r: 1, g: 1, b: 1, a: 1}
  - {r: 1, g: 1, b: 1, a: 1}
  - {r: 1, g: 1, b: 1, a: 1}
  - {r: 1, g: 1, b: 1, a: 1}
  - {r: 1, g: 1, b: 1, a: 1}
  - {r: 1, g: 1, b: 1, a: 1}
  - {r: 1, g: 1, b: 1, a: 1}
  - {r: 1, g: 1, b: 1, a: 1}
  - {r: 1, g: 1, b: 1, a: 1}
  - {r: 1, g: 1, b: 1, a: 1}
  - {r: 1, g: 1, b: 1, a: 1}
  - {r: 1, g: 1, b: 1, a: 1}
  - {r: 1, g: 1, b: 1, a: 1}
  - {r: 1, g: 1, b: 1, a: 1}
  - {r: 1, g: 1, b: 1, a: 1}
  - {r: 1, g: 1, b: 1, a: 1}
  - {r: 1, g: 1, b: 1, a: 1}
  - {r: 1, g: 1, b: 1, a: 1}
  - {r: 1, g: 1, b: 1, a: 1}
  - {r: 1, g: 1, b: 1, a: 1}
  - {r: 1, g: 1, b: 1, a: 1}
  - {r: 1, g: 1, b: 1, a: 1}
  - {r: 1, g: 1, b: 1, a: 1}
  - {r: 1, g: 1, b: 1, a: 1}
  - {r: 1, g: 1, b: 1, a: 1}
  - {r: 1, g: 1, b: 1, a: 1}
  - {r: 1, g: 1, b: 1, a: 1}
  - {r: 1, g: 1, b: 1, a: 1}
  - {r: 1, g: 1, b: 1, a: 1}
  - {r: 1, g: 1, b: 1, a: 1}
  - {r: 1, g: 1, b: 1, a: 1}
  - {r: 1, g: 1, b: 1, a: 1}
  - {r: 1, g: 1, b: 1, a: 1}
  - {r: 1, g: 1, b: 1, a: 1}
  - {r: 1, g: 1, b: 1, a: 1}
  - {r: 1, g: 1, b: 1, a: 1}
  - {r: 1, g: 1, b: 1, a: 1}
  - {r: 1, g: 1, b: 1, a: 1}
  userCollisions: 0
  isSelectable: 1
  unwrapParameters:
    hardAngle: 88
    packMargin: 4
    angleError: 8
    areaError: 15
  asset_guid: 
  dontDestroyMeshOnDelete: 0
  m_selectedFaces: 
  m_SelectedEdges: []
  m_selectedTriangles: 
